%YAML 1.1
%TAG !u! tag:unity3d.com,2011:
--- !u!1 &6858114587276574664
GameObject:
  m_ObjectHideFlags: 0
  m_CorrespondingSourceObject: {fileID: 0}
  m_PrefabInstance: {fileID: 0}
  m_PrefabAsset: {fileID: 0}
  serializedVersion: 6
  m_Component:
  - component: {fileID: 6861977052150870762}
  - component: {fileID: 6868783773800747404}
  - component: {fileID: 6881070894255206464}
  - component: {fileID: 6903056826751661484}
  m_Layer: 0
  m_Name: rougth terrain with vegitation
  m_TagString: Ground
  m_Icon: {fileID: 0}
  m_NavMeshLayer: 0
  m_StaticEditorFlags: 0
  m_IsActive: 1
--- !u!4 &6861977052150870762
Transform:
  m_ObjectHideFlags: 0
  m_CorrespondingSourceObject: {fileID: 0}
  m_PrefabInstance: {fileID: 0}
  m_PrefabAsset: {fileID: 0}
  m_GameObject: {fileID: 6858114587276574664}
  m_LocalRotation: {x: 0, y: 0, z: 0, w: 1}
  m_LocalPosition: {x: 0, y: 0.2, z: 0}
  m_LocalScale: {x: 1, y: 1.25, z: 1}
  m_Children:
  - {fileID: 1571893203733523977}
  - {fileID: 7239873632873538845}
  - {fileID: 6519617041097192079}
  - {fileID: 2546434292271824320}
  - {fileID: 5742189927456754737}
  - {fileID: 658002110824534005}
  - {fileID: 7242224730674253253}
  - {fileID: 4585296318190167129}
  - {fileID: 9137220907305688284}
  - {fileID: 8375230194895824287}
  - {fileID: 871685990165012311}
  - {fileID: 5753798319271744747}
  - {fileID: 7989856843723519860}
  m_Father: {fileID: 0}
  m_RootOrder: 0
  m_LocalEulerAnglesHint: {x: 0, y: 0, z: 0}
--- !u!33 &6868783773800747404
MeshFilter:
  m_ObjectHideFlags: 0
  m_CorrespondingSourceObject: {fileID: 0}
  m_PrefabInstance: {fileID: 0}
  m_PrefabAsset: {fileID: 0}
  m_GameObject: {fileID: 6858114587276574664}
  m_Mesh: {fileID: 4300000, guid: 5c3d2c7795fda604db6fde541e509fe0, type: 3}
--- !u!23 &6881070894255206464
MeshRenderer:
  m_ObjectHideFlags: 0
  m_CorrespondingSourceObject: {fileID: 0}
  m_PrefabInstance: {fileID: 0}
  m_PrefabAsset: {fileID: 0}
  m_GameObject: {fileID: 6858114587276574664}
  m_Enabled: 1
  m_CastShadows: 1
  m_ReceiveShadows: 1
  m_DynamicOccludee: 1
  m_MotionVectors: 1
  m_LightProbeUsage: 1
  m_ReflectionProbeUsage: 1
  m_RayTracingMode: 2
  m_RenderingLayerMask: 1
  m_RendererPriority: 0
  m_Materials:
  - {fileID: 2100000, guid: 66a8a6e30880caa48908020cf5388217, type: 2}
  m_StaticBatchInfo:
    firstSubMesh: 0
    subMeshCount: 0
  m_StaticBatchRoot: {fileID: 0}
  m_ProbeAnchor: {fileID: 0}
  m_LightProbeVolumeOverride: {fileID: 0}
  m_ScaleInLightmap: 1
  m_ReceiveGI: 1
  m_PreserveUVs: 0
  m_IgnoreNormalsForChartDetection: 0
  m_ImportantGI: 0
  m_StitchLightmapSeams: 1
  m_SelectedEditorRenderState: 3
  m_MinimumChartSize: 4
  m_AutoUVMaxDistance: 0.5
  m_AutoUVMaxAngle: 89
  m_LightmapParameters: {fileID: 0}
  m_SortingLayerID: 0
  m_SortingLayer: 0
  m_SortingOrder: 0
--- !u!64 &6903056826751661484
MeshCollider:
  m_ObjectHideFlags: 0
  m_CorrespondingSourceObject: {fileID: 0}
  m_PrefabInstance: {fileID: 0}
  m_PrefabAsset: {fileID: 0}
  m_GameObject: {fileID: 6858114587276574664}
  m_Material: {fileID: 0}
  m_IsTrigger: 0
  m_Enabled: 0
  serializedVersion: 3
  m_Convex: 1
  m_CookingOptions: 30
  m_Mesh: {fileID: 4300000, guid: 5c3d2c7795fda604db6fde541e509fe0, type: 3}
--- !u!1001 &661722457944091403
PrefabInstance:
  m_ObjectHideFlags: 0
  serializedVersion: 2
  m_Modification:
    m_TransformParent: {fileID: 6861977052150870762}
    m_Modifications:
    - target: {fileID: 1888538174412404, guid: d5f182fff81e5f14c9e5131b13844a7e, type: 3}
      propertyPath: m_Name
      value: SM_Env_Cactus_09
      objectReference: {fileID: 0}
    - target: {fileID: 4319427948487934, guid: d5f182fff81e5f14c9e5131b13844a7e, type: 3}
      propertyPath: m_LocalPosition.x
      value: 20.532316
      objectReference: {fileID: 0}
    - target: {fileID: 4319427948487934, guid: d5f182fff81e5f14c9e5131b13844a7e, type: 3}
      propertyPath: m_LocalPosition.y
      value: 1.2002804
      objectReference: {fileID: 0}
    - target: {fileID: 4319427948487934, guid: d5f182fff81e5f14c9e5131b13844a7e, type: 3}
      propertyPath: m_LocalPosition.z
      value: 20.485699
      objectReference: {fileID: 0}
    - target: {fileID: 4319427948487934, guid: d5f182fff81e5f14c9e5131b13844a7e, type: 3}
      propertyPath: m_LocalRotation.x
      value: -0
      objectReference: {fileID: 0}
    - target: {fileID: 4319427948487934, guid: d5f182fff81e5f14c9e5131b13844a7e, type: 3}
      propertyPath: m_LocalRotation.y
      value: -0
      objectReference: {fileID: 0}
    - target: {fileID: 4319427948487934, guid: d5f182fff81e5f14c9e5131b13844a7e, type: 3}
      propertyPath: m_LocalRotation.z
      value: -0
      objectReference: {fileID: 0}
    - target: {fileID: 4319427948487934, guid: d5f182fff81e5f14c9e5131b13844a7e, type: 3}
      propertyPath: m_LocalRotation.w
      value: 1
      objectReference: {fileID: 0}
    - target: {fileID: 4319427948487934, guid: d5f182fff81e5f14c9e5131b13844a7e, type: 3}
      propertyPath: m_RootOrder
      value: 5
      objectReference: {fileID: 0}
    - target: {fileID: 4319427948487934, guid: d5f182fff81e5f14c9e5131b13844a7e, type: 3}
      propertyPath: m_LocalEulerAnglesHint.x
      value: 0
      objectReference: {fileID: 0}
    - target: {fileID: 4319427948487934, guid: d5f182fff81e5f14c9e5131b13844a7e, type: 3}
      propertyPath: m_LocalEulerAnglesHint.y
      value: 0
      objectReference: {fileID: 0}
    - target: {fileID: 4319427948487934, guid: d5f182fff81e5f14c9e5131b13844a7e, type: 3}
      propertyPath: m_LocalEulerAnglesHint.z
      value: 0
      objectReference: {fileID: 0}
    - target: {fileID: 4319427948487934, guid: d5f182fff81e5f14c9e5131b13844a7e, type: 3}
      propertyPath: m_LocalScale.y
      value: 0.8
      objectReference: {fileID: 0}
    m_RemovedComponents: []
  m_SourcePrefab: {fileID: 100100000, guid: d5f182fff81e5f14c9e5131b13844a7e, type: 3}
--- !u!4 &658002110824534005 stripped
Transform:
  m_CorrespondingSourceObject: {fileID: 4319427948487934, guid: d5f182fff81e5f14c9e5131b13844a7e,
    type: 3}
  m_PrefabInstance: {fileID: 661722457944091403}
  m_PrefabAsset: {fileID: 0}
--- !u!1001 &867385837422080747
PrefabInstance:
  m_ObjectHideFlags: 0
  serializedVersion: 2
  m_Modification:
    m_TransformParent: {fileID: 6861977052150870762}
    m_Modifications:
    - target: {fileID: 1236017473261580, guid: c933db8b77a3dbf41bbfbdf437dfaf8e, type: 3}
      propertyPath: m_Name
      value: SM_Env_Grass_01 (1)
      objectReference: {fileID: 0}
    - target: {fileID: 4867645178850748, guid: c933db8b77a3dbf41bbfbdf437dfaf8e, type: 3}
      propertyPath: m_LocalPosition.x
      value: -21.695812
      objectReference: {fileID: 0}
    - target: {fileID: 4867645178850748, guid: c933db8b77a3dbf41bbfbdf437dfaf8e, type: 3}
      propertyPath: m_LocalPosition.y
      value: 2.28
      objectReference: {fileID: 0}
    - target: {fileID: 4867645178850748, guid: c933db8b77a3dbf41bbfbdf437dfaf8e, type: 3}
      propertyPath: m_LocalPosition.z
      value: -12.135609
      objectReference: {fileID: 0}
    - target: {fileID: 4867645178850748, guid: c933db8b77a3dbf41bbfbdf437dfaf8e, type: 3}
      propertyPath: m_LocalRotation.x
      value: -0
      objectReference: {fileID: 0}
    - target: {fileID: 4867645178850748, guid: c933db8b77a3dbf41bbfbdf437dfaf8e, type: 3}
      propertyPath: m_LocalRotation.y
      value: -0
      objectReference: {fileID: 0}
    - target: {fileID: 4867645178850748, guid: c933db8b77a3dbf41bbfbdf437dfaf8e, type: 3}
      propertyPath: m_LocalRotation.z
      value: -0
      objectReference: {fileID: 0}
    - target: {fileID: 4867645178850748, guid: c933db8b77a3dbf41bbfbdf437dfaf8e, type: 3}
      propertyPath: m_LocalRotation.w
      value: 1
      objectReference: {fileID: 0}
    - target: {fileID: 4867645178850748, guid: c933db8b77a3dbf41bbfbdf437dfaf8e, type: 3}
      propertyPath: m_RootOrder
      value: 10
      objectReference: {fileID: 0}
    - target: {fileID: 4867645178850748, guid: c933db8b77a3dbf41bbfbdf437dfaf8e, type: 3}
      propertyPath: m_LocalEulerAnglesHint.x
      value: 0
      objectReference: {fileID: 0}
    - target: {fileID: 4867645178850748, guid: c933db8b77a3dbf41bbfbdf437dfaf8e, type: 3}
      propertyPath: m_LocalEulerAnglesHint.y
      value: 0
      objectReference: {fileID: 0}
    - target: {fileID: 4867645178850748, guid: c933db8b77a3dbf41bbfbdf437dfaf8e, type: 3}
      propertyPath: m_LocalEulerAnglesHint.z
      value: 0
      objectReference: {fileID: 0}
    - target: {fileID: 4867645178850748, guid: c933db8b77a3dbf41bbfbdf437dfaf8e, type: 3}
      propertyPath: m_LocalScale.y
      value: 0.8
      objectReference: {fileID: 0}
    m_RemovedComponents: []
  m_SourcePrefab: {fileID: 100100000, guid: c933db8b77a3dbf41bbfbdf437dfaf8e, type: 3}
--- !u!4 &871685990165012311 stripped
Transform:
  m_CorrespondingSourceObject: {fileID: 4867645178850748, guid: c933db8b77a3dbf41bbfbdf437dfaf8e,
    type: 3}
  m_PrefabInstance: {fileID: 867385837422080747}
  m_PrefabAsset: {fileID: 0}
--- !u!1001 &1567660428080730531
PrefabInstance:
  m_ObjectHideFlags: 0
  serializedVersion: 2
  m_Modification:
    m_TransformParent: {fileID: 6861977052150870762}
    m_Modifications:
    - target: {fileID: 1031225388075684, guid: dac69029d8cec4b41b5f41bba35472b0, type: 3}
      propertyPath: m_Name
      value: SM_Env_BonePile_Small_01
      objectReference: {fileID: 0}
    - target: {fileID: 4800815144599466, guid: dac69029d8cec4b41b5f41bba35472b0, type: 3}
      propertyPath: m_LocalPosition.x
      value: -5.751699
      objectReference: {fileID: 0}
    - target: {fileID: 4800815144599466, guid: dac69029d8cec4b41b5f41bba35472b0, type: 3}
      propertyPath: m_LocalPosition.y
      value: 1.2269143
      objectReference: {fileID: 0}
    - target: {fileID: 4800815144599466, guid: dac69029d8cec4b41b5f41bba35472b0, type: 3}
      propertyPath: m_LocalPosition.z
      value: 24.731226
      objectReference: {fileID: 0}
    - target: {fileID: 4800815144599466, guid: dac69029d8cec4b41b5f41bba35472b0, type: 3}
      propertyPath: m_LocalRotation.x
      value: -0
      objectReference: {fileID: 0}
    - target: {fileID: 4800815144599466, guid: dac69029d8cec4b41b5f41bba35472b0, type: 3}
      propertyPath: m_LocalRotation.y
      value: -0
      objectReference: {fileID: 0}
    - target: {fileID: 4800815144599466, guid: dac69029d8cec4b41b5f41bba35472b0, type: 3}
      propertyPath: m_LocalRotation.z
      value: -0
      objectReference: {fileID: 0}
    - target: {fileID: 4800815144599466, guid: dac69029d8cec4b41b5f41bba35472b0, type: 3}
      propertyPath: m_LocalRotation.w
      value: 1
      objectReference: {fileID: 0}
    - target: {fileID: 4800815144599466, guid: dac69029d8cec4b41b5f41bba35472b0, type: 3}
      propertyPath: m_RootOrder
      value: 0
      objectReference: {fileID: 0}
    - target: {fileID: 4800815144599466, guid: dac69029d8cec4b41b5f41bba35472b0, type: 3}
      propertyPath: m_LocalEulerAnglesHint.x
      value: 0
      objectReference: {fileID: 0}
    - target: {fileID: 4800815144599466, guid: dac69029d8cec4b41b5f41bba35472b0, type: 3}
      propertyPath: m_LocalEulerAnglesHint.y
      value: 0
      objectReference: {fileID: 0}
    - target: {fileID: 4800815144599466, guid: dac69029d8cec4b41b5f41bba35472b0, type: 3}
      propertyPath: m_LocalEulerAnglesHint.z
      value: 0
      objectReference: {fileID: 0}
    - target: {fileID: 4800815144599466, guid: dac69029d8cec4b41b5f41bba35472b0, type: 3}
      propertyPath: m_LocalScale.y
      value: 0.8
      objectReference: {fileID: 0}
    m_RemovedComponents: []
  m_SourcePrefab: {fileID: 100100000, guid: dac69029d8cec4b41b5f41bba35472b0, type: 3}
--- !u!4 &1571893203733523977 stripped
Transform:
  m_CorrespondingSourceObject: {fileID: 4800815144599466, guid: dac69029d8cec4b41b5f41bba35472b0,
    type: 3}
  m_PrefabInstance: {fileID: 1567660428080730531}
  m_PrefabAsset: {fileID: 0}
--- !u!1001 &2546983384960050614
PrefabInstance:
  m_ObjectHideFlags: 0
  serializedVersion: 2
  m_Modification:
    m_TransformParent: {fileID: 6861977052150870762}
    m_Modifications:
    - target: {fileID: 1470682134308206, guid: ac43085ba2aa598409392d1385a1ec2c, type: 3}
      propertyPath: m_Name
      value: SM_Env_Cactus_06
      objectReference: {fileID: 0}
    - target: {fileID: 4067762181871734, guid: ac43085ba2aa598409392d1385a1ec2c, type: 3}
      propertyPath: m_LocalPosition.x
      value: 4.2087193
      objectReference: {fileID: 0}
    - target: {fileID: 4067762181871734, guid: ac43085ba2aa598409392d1385a1ec2c, type: 3}
      propertyPath: m_LocalPosition.y
      value: 1.5
      objectReference: {fileID: 0}
    - target: {fileID: 4067762181871734, guid: ac43085ba2aa598409392d1385a1ec2c, type: 3}
      propertyPath: m_LocalPosition.z
      value: 15.5
      objectReference: {fileID: 0}
    - target: {fileID: 4067762181871734, guid: ac43085ba2aa598409392d1385a1ec2c, type: 3}
      propertyPath: m_LocalRotation.x
      value: -0
      objectReference: {fileID: 0}
    - target: {fileID: 4067762181871734, guid: ac43085ba2aa598409392d1385a1ec2c, type: 3}
      propertyPath: m_LocalRotation.y
      value: -0
      objectReference: {fileID: 0}
    - target: {fileID: 4067762181871734, guid: ac43085ba2aa598409392d1385a1ec2c, type: 3}
      propertyPath: m_LocalRotation.z
      value: -0
      objectReference: {fileID: 0}
    - target: {fileID: 4067762181871734, guid: ac43085ba2aa598409392d1385a1ec2c, type: 3}
      propertyPath: m_LocalRotation.w
      value: 1
      objectReference: {fileID: 0}
    - target: {fileID: 4067762181871734, guid: ac43085ba2aa598409392d1385a1ec2c, type: 3}
      propertyPath: m_RootOrder
      value: 3
      objectReference: {fileID: 0}
    - target: {fileID: 4067762181871734, guid: ac43085ba2aa598409392d1385a1ec2c, type: 3}
      propertyPath: m_LocalEulerAnglesHint.x
      value: 0
      objectReference: {fileID: 0}
    - target: {fileID: 4067762181871734, guid: ac43085ba2aa598409392d1385a1ec2c, type: 3}
      propertyPath: m_LocalEulerAnglesHint.y
      value: 0
      objectReference: {fileID: 0}
    - target: {fileID: 4067762181871734, guid: ac43085ba2aa598409392d1385a1ec2c, type: 3}
      propertyPath: m_LocalEulerAnglesHint.z
      value: 0
      objectReference: {fileID: 0}
    - target: {fileID: 4067762181871734, guid: ac43085ba2aa598409392d1385a1ec2c, type: 3}
      propertyPath: m_LocalScale.y
      value: 0.8
      objectReference: {fileID: 0}
    m_RemovedComponents: []
  m_SourcePrefab: {fileID: 100100000, guid: ac43085ba2aa598409392d1385a1ec2c, type: 3}
--- !u!4 &2546434292271824320 stripped
Transform:
  m_CorrespondingSourceObject: {fileID: 4067762181871734, guid: ac43085ba2aa598409392d1385a1ec2c,
    type: 3}
  m_PrefabInstance: {fileID: 2546983384960050614}
  m_PrefabAsset: {fileID: 0}
--- !u!1001 &4588489701696152357
PrefabInstance:
  m_ObjectHideFlags: 0
  serializedVersion: 2
  m_Modification:
    m_TransformParent: {fileID: 6861977052150870762}
    m_Modifications:
    - target: {fileID: 1479789811620544, guid: 11a8fca005aee104a87aa970da6ba9f7, type: 3}
      propertyPath: m_Name
      value: SM_Env_TreeDead_01
      objectReference: {fileID: 0}
    - target: {fileID: 4408662571517820, guid: 11a8fca005aee104a87aa970da6ba9f7, type: 3}
      propertyPath: m_LocalPosition.x
      value: -21.506245
      objectReference: {fileID: 0}
    - target: {fileID: 4408662571517820, guid: 11a8fca005aee104a87aa970da6ba9f7, type: 3}
      propertyPath: m_LocalPosition.y
      value: 2.1761527
      objectReference: {fileID: 0}
    - target: {fileID: 4408662571517820, guid: 11a8fca005aee104a87aa970da6ba9f7, type: 3}
      propertyPath: m_LocalPosition.z
      value: -11.295466
      objectReference: {fileID: 0}
    - target: {fileID: 4408662571517820, guid: 11a8fca005aee104a87aa970da6ba9f7, type: 3}
      propertyPath: m_LocalRotation.x
      value: -0
      objectReference: {fileID: 0}
    - target: {fileID: 4408662571517820, guid: 11a8fca005aee104a87aa970da6ba9f7, type: 3}
      propertyPath: m_LocalRotation.y
      value: -0
      objectReference: {fileID: 0}
    - target: {fileID: 4408662571517820, guid: 11a8fca005aee104a87aa970da6ba9f7, type: 3}
      propertyPath: m_LocalRotation.z
      value: -0
      objectReference: {fileID: 0}
    - target: {fileID: 4408662571517820, guid: 11a8fca005aee104a87aa970da6ba9f7, type: 3}
      propertyPath: m_LocalRotation.w
      value: 1
      objectReference: {fileID: 0}
    - target: {fileID: 4408662571517820, guid: 11a8fca005aee104a87aa970da6ba9f7, type: 3}
      propertyPath: m_RootOrder
      value: 7
      objectReference: {fileID: 0}
    - target: {fileID: 4408662571517820, guid: 11a8fca005aee104a87aa970da6ba9f7, type: 3}
      propertyPath: m_LocalEulerAnglesHint.x
      value: 0
      objectReference: {fileID: 0}
    - target: {fileID: 4408662571517820, guid: 11a8fca005aee104a87aa970da6ba9f7, type: 3}
      propertyPath: m_LocalEulerAnglesHint.y
      value: 0
      objectReference: {fileID: 0}
    - target: {fileID: 4408662571517820, guid: 11a8fca005aee104a87aa970da6ba9f7, type: 3}
      propertyPath: m_LocalEulerAnglesHint.z
      value: 0
      objectReference: {fileID: 0}
    - target: {fileID: 4408662571517820, guid: 11a8fca005aee104a87aa970da6ba9f7, type: 3}
      propertyPath: m_LocalScale.y
      value: 0.8
      objectReference: {fileID: 0}
    - target: {fileID: 64021676060105288, guid: 11a8fca005aee104a87aa970da6ba9f7,
        type: 3}
      propertyPath: m_Enabled
      value: 0
      objectReference: {fileID: 0}
    m_RemovedComponents: []
  m_SourcePrefab: {fileID: 100100000, guid: 11a8fca005aee104a87aa970da6ba9f7, type: 3}
--- !u!4 &4585296318190167129 stripped
Transform:
  m_CorrespondingSourceObject: {fileID: 4408662571517820, guid: 11a8fca005aee104a87aa970da6ba9f7,
    type: 3}
  m_PrefabInstance: {fileID: 4588489701696152357}
  m_PrefabAsset: {fileID: 0}
--- !u!1001 &5746256412738618687
PrefabInstance:
  m_ObjectHideFlags: 0
  serializedVersion: 2
  m_Modification:
    m_TransformParent: {fileID: 6861977052150870762}
    m_Modifications:
    - target: {fileID: 1777024775841178, guid: 123ecdc0880ca01448a9da2643565fdb, type: 3}
      propertyPath: m_Name
      value: SM_Env_Cactus_05
      objectReference: {fileID: 0}
    - target: {fileID: 4106211661859086, guid: 123ecdc0880ca01448a9da2643565fdb, type: 3}
      propertyPath: m_LocalPosition.x
      value: 12.334459
      objectReference: {fileID: 0}
    - target: {fileID: 4106211661859086, guid: 123ecdc0880ca01448a9da2643565fdb, type: 3}
      propertyPath: m_LocalPosition.y
      value: 1.59
      objectReference: {fileID: 0}
    - target: {fileID: 4106211661859086, guid: 123ecdc0880ca01448a9da2643565fdb, type: 3}
      propertyPath: m_LocalPosition.z
      value: -13.5
      objectReference: {fileID: 0}
    - target: {fileID: 4106211661859086, guid: 123ecdc0880ca01448a9da2643565fdb, type: 3}
      propertyPath: m_LocalRotation.x
      value: -0
      objectReference: {fileID: 0}
    - target: {fileID: 4106211661859086, guid: 123ecdc0880ca01448a9da2643565fdb, type: 3}
      propertyPath: m_LocalRotation.y
      value: -0
      objectReference: {fileID: 0}
    - target: {fileID: 4106211661859086, guid: 123ecdc0880ca01448a9da2643565fdb, type: 3}
      propertyPath: m_LocalRotation.z
      value: -0
      objectReference: {fileID: 0}
    - target: {fileID: 4106211661859086, guid: 123ecdc0880ca01448a9da2643565fdb, type: 3}
      propertyPath: m_LocalRotation.w
      value: 1
      objectReference: {fileID: 0}
    - target: {fileID: 4106211661859086, guid: 123ecdc0880ca01448a9da2643565fdb, type: 3}
      propertyPath: m_RootOrder
      value: 4
      objectReference: {fileID: 0}
    - target: {fileID: 4106211661859086, guid: 123ecdc0880ca01448a9da2643565fdb, type: 3}
      propertyPath: m_LocalEulerAnglesHint.x
      value: 0
      objectReference: {fileID: 0}
    - target: {fileID: 4106211661859086, guid: 123ecdc0880ca01448a9da2643565fdb, type: 3}
      propertyPath: m_LocalEulerAnglesHint.y
      value: 0
      objectReference: {fileID: 0}
    - target: {fileID: 4106211661859086, guid: 123ecdc0880ca01448a9da2643565fdb, type: 3}
      propertyPath: m_LocalEulerAnglesHint.z
      value: 0
      objectReference: {fileID: 0}
    - target: {fileID: 4106211661859086, guid: 123ecdc0880ca01448a9da2643565fdb, type: 3}
      propertyPath: m_LocalScale.y
      value: 0.8
      objectReference: {fileID: 0}
    m_RemovedComponents: []
  m_SourcePrefab: {fileID: 100100000, guid: 123ecdc0880ca01448a9da2643565fdb, type: 3}
--- !u!4 &5742189927456754737 stripped
Transform:
  m_CorrespondingSourceObject: {fileID: 4106211661859086, guid: 123ecdc0880ca01448a9da2643565fdb,
    type: 3}
  m_PrefabInstance: {fileID: 5746256412738618687}
  m_PrefabAsset: {fileID: 0}
--- !u!1001 &5749075885477706071
PrefabInstance:
  m_ObjectHideFlags: 0
  serializedVersion: 2
  m_Modification:
    m_TransformParent: {fileID: 6861977052150870762}
    m_Modifications:
    - target: {fileID: 1236017473261580, guid: c933db8b77a3dbf41bbfbdf437dfaf8e, type: 3}
      propertyPath: m_Name
      value: SM_Env_Grass_01 (2)
      objectReference: {fileID: 0}
    - target: {fileID: 4867645178850748, guid: c933db8b77a3dbf41bbfbdf437dfaf8e, type: 3}
      propertyPath: m_LocalPosition.x
      value: -20.26
      objectReference: {fileID: 0}
    - target: {fileID: 4867645178850748, guid: c933db8b77a3dbf41bbfbdf437dfaf8e, type: 3}
      propertyPath: m_LocalPosition.y
      value: 2.003
      objectReference: {fileID: 0}
    - target: {fileID: 4867645178850748, guid: c933db8b77a3dbf41bbfbdf437dfaf8e, type: 3}
      propertyPath: m_LocalPosition.z
      value: -10.815789
      objectReference: {fileID: 0}
    - target: {fileID: 4867645178850748, guid: c933db8b77a3dbf41bbfbdf437dfaf8e, type: 3}
      propertyPath: m_LocalRotation.x
      value: -0
      objectReference: {fileID: 0}
    - target: {fileID: 4867645178850748, guid: c933db8b77a3dbf41bbfbdf437dfaf8e, type: 3}
      propertyPath: m_LocalRotation.y
      value: -0
      objectReference: {fileID: 0}
    - target: {fileID: 4867645178850748, guid: c933db8b77a3dbf41bbfbdf437dfaf8e, type: 3}
      propertyPath: m_LocalRotation.z
      value: -0
      objectReference: {fileID: 0}
    - target: {fileID: 4867645178850748, guid: c933db8b77a3dbf41bbfbdf437dfaf8e, type: 3}
      propertyPath: m_LocalRotation.w
      value: 1
      objectReference: {fileID: 0}
    - target: {fileID: 4867645178850748, guid: c933db8b77a3dbf41bbfbdf437dfaf8e, type: 3}
      propertyPath: m_RootOrder
      value: 11
      objectReference: {fileID: 0}
    - target: {fileID: 4867645178850748, guid: c933db8b77a3dbf41bbfbdf437dfaf8e, type: 3}
      propertyPath: m_LocalEulerAnglesHint.x
      value: 0
      objectReference: {fileID: 0}
    - target: {fileID: 4867645178850748, guid: c933db8b77a3dbf41bbfbdf437dfaf8e, type: 3}
      propertyPath: m_LocalEulerAnglesHint.y
      value: 0
      objectReference: {fileID: 0}
    - target: {fileID: 4867645178850748, guid: c933db8b77a3dbf41bbfbdf437dfaf8e, type: 3}
      propertyPath: m_LocalEulerAnglesHint.z
      value: 0
      objectReference: {fileID: 0}
    - target: {fileID: 4867645178850748, guid: c933db8b77a3dbf41bbfbdf437dfaf8e, type: 3}
      propertyPath: m_LocalScale.y
      value: 0.8
      objectReference: {fileID: 0}
    m_RemovedComponents: []
  m_SourcePrefab: {fileID: 100100000, guid: c933db8b77a3dbf41bbfbdf437dfaf8e, type: 3}
--- !u!4 &5753798319271744747 stripped
Transform:
  m_CorrespondingSourceObject: {fileID: 4867645178850748, guid: c933db8b77a3dbf41bbfbdf437dfaf8e,
    type: 3}
  m_PrefabInstance: {fileID: 5749075885477706071}
  m_PrefabAsset: {fileID: 0}
--- !u!1001 &6515366388639358717
PrefabInstance:
  m_ObjectHideFlags: 0
  serializedVersion: 2
  m_Modification:
    m_TransformParent: {fileID: 6861977052150870762}
    m_Modifications:
    - target: {fileID: 1498478766008014, guid: 2e3a851fb51f05946afa4156d0078cae, type: 3}
      propertyPath: m_Name
      value: SM_Env_Cactus_15
      objectReference: {fileID: 0}
    - target: {fileID: 4906149303299186, guid: 2e3a851fb51f05946afa4156d0078cae, type: 3}
      propertyPath: m_LocalPosition.x
      value: -5.7
      objectReference: {fileID: 0}
    - target: {fileID: 4906149303299186, guid: 2e3a851fb51f05946afa4156d0078cae, type: 3}
      propertyPath: m_LocalPosition.y
      value: 1.2866571
      objectReference: {fileID: 0}
    - target: {fileID: 4906149303299186, guid: 2e3a851fb51f05946afa4156d0078cae, type: 3}
      propertyPath: m_LocalPosition.z
      value: -4.26723
      objectReference: {fileID: 0}
    - target: {fileID: 4906149303299186, guid: 2e3a851fb51f05946afa4156d0078cae, type: 3}
      propertyPath: m_LocalRotation.x
      value: -0
      objectReference: {fileID: 0}
    - target: {fileID: 4906149303299186, guid: 2e3a851fb51f05946afa4156d0078cae, type: 3}
      propertyPath: m_LocalRotation.y
      value: -0
      objectReference: {fileID: 0}
    - target: {fileID: 4906149303299186, guid: 2e3a851fb51f05946afa4156d0078cae, type: 3}
      propertyPath: m_LocalRotation.z
      value: -0
      objectReference: {fileID: 0}
    - target: {fileID: 4906149303299186, guid: 2e3a851fb51f05946afa4156d0078cae, type: 3}
      propertyPath: m_LocalRotation.w
      value: 1
      objectReference: {fileID: 0}
    - target: {fileID: 4906149303299186, guid: 2e3a851fb51f05946afa4156d0078cae, type: 3}
      propertyPath: m_RootOrder
      value: 2
      objectReference: {fileID: 0}
    - target: {fileID: 4906149303299186, guid: 2e3a851fb51f05946afa4156d0078cae, type: 3}
      propertyPath: m_LocalEulerAnglesHint.x
      value: 0
      objectReference: {fileID: 0}
    - target: {fileID: 4906149303299186, guid: 2e3a851fb51f05946afa4156d0078cae, type: 3}
      propertyPath: m_LocalEulerAnglesHint.y
      value: 0
      objectReference: {fileID: 0}
    - target: {fileID: 4906149303299186, guid: 2e3a851fb51f05946afa4156d0078cae, type: 3}
      propertyPath: m_LocalEulerAnglesHint.z
      value: 0
      objectReference: {fileID: 0}
    - target: {fileID: 4906149303299186, guid: 2e3a851fb51f05946afa4156d0078cae, type: 3}
      propertyPath: m_LocalScale.y
      value: 0.8
      objectReference: {fileID: 0}
    m_RemovedComponents: []
  m_SourcePrefab: {fileID: 100100000, guid: 2e3a851fb51f05946afa4156d0078cae, type: 3}
--- !u!4 &6519617041097192079 stripped
Transform:
  m_CorrespondingSourceObject: {fileID: 4906149303299186, guid: 2e3a851fb51f05946afa4156d0078cae,
    type: 3}
  m_PrefabInstance: {fileID: 6515366388639358717}
  m_PrefabAsset: {fileID: 0}
--- !u!1001 &7239176476265776419
PrefabInstance:
  m_ObjectHideFlags: 0
  serializedVersion: 2
  m_Modification:
    m_TransformParent: {fileID: 6861977052150870762}
    m_Modifications:
    - target: {fileID: 1887909896868874, guid: 05a0c8e6b527de943bd4968427568c0b, type: 3}
      propertyPath: m_Name
      value: SM_Env_Cactus_01
      objectReference: {fileID: 0}
    - target: {fileID: 4373941343445054, guid: 05a0c8e6b527de943bd4968427568c0b, type: 3}
      propertyPath: m_LocalPosition.x
      value: -16.459723
      objectReference: {fileID: 0}
    - target: {fileID: 4373941343445054, guid: 05a0c8e6b527de943bd4968427568c0b, type: 3}
      propertyPath: m_LocalPosition.y
      value: 1.2026299
      objectReference: {fileID: 0}
    - target: {fileID: 4373941343445054, guid: 05a0c8e6b527de943bd4968427568c0b, type: 3}
      propertyPath: m_LocalPosition.z
      value: 14.428976
      objectReference: {fileID: 0}
    - target: {fileID: 4373941343445054, guid: 05a0c8e6b527de943bd4968427568c0b, type: 3}
      propertyPath: m_LocalRotation.x
      value: -0
      objectReference: {fileID: 0}
    - target: {fileID: 4373941343445054, guid: 05a0c8e6b527de943bd4968427568c0b, type: 3}
      propertyPath: m_LocalRotation.y
      value: -0
      objectReference: {fileID: 0}
    - target: {fileID: 4373941343445054, guid: 05a0c8e6b527de943bd4968427568c0b, type: 3}
      propertyPath: m_LocalRotation.z
      value: -0
      objectReference: {fileID: 0}
    - target: {fileID: 4373941343445054, guid: 05a0c8e6b527de943bd4968427568c0b, type: 3}
      propertyPath: m_LocalRotation.w
      value: 1
      objectReference: {fileID: 0}
    - target: {fileID: 4373941343445054, guid: 05a0c8e6b527de943bd4968427568c0b, type: 3}
      propertyPath: m_RootOrder
      value: 1
      objectReference: {fileID: 0}
    - target: {fileID: 4373941343445054, guid: 05a0c8e6b527de943bd4968427568c0b, type: 3}
      propertyPath: m_LocalEulerAnglesHint.x
      value: 0
      objectReference: {fileID: 0}
    - target: {fileID: 4373941343445054, guid: 05a0c8e6b527de943bd4968427568c0b, type: 3}
      propertyPath: m_LocalEulerAnglesHint.y
      value: 0
      objectReference: {fileID: 0}
    - target: {fileID: 4373941343445054, guid: 05a0c8e6b527de943bd4968427568c0b, type: 3}
      propertyPath: m_LocalEulerAnglesHint.z
      value: 0
      objectReference: {fileID: 0}
    - target: {fileID: 4373941343445054, guid: 05a0c8e6b527de943bd4968427568c0b, type: 3}
      propertyPath: m_LocalScale.y
      value: 0.8
      objectReference: {fileID: 0}
    m_RemovedComponents: []
  m_SourcePrefab: {fileID: 100100000, guid: 05a0c8e6b527de943bd4968427568c0b, type: 3}
--- !u!4 &7239873632873538845 stripped
Transform:
  m_CorrespondingSourceObject: {fileID: 4373941343445054, guid: 05a0c8e6b527de943bd4968427568c0b,
    type: 3}
  m_PrefabInstance: {fileID: 7239176476265776419}
  m_PrefabAsset: {fileID: 0}
--- !u!1001 &7245879101667730515
PrefabInstance:
  m_ObjectHideFlags: 0
  serializedVersion: 2
  m_Modification:
    m_TransformParent: {fileID: 6861977052150870762}
    m_Modifications:
    - target: {fileID: 1895439576520662, guid: 113c8ef618b06804185a8cd6397bab53, type: 3}
      propertyPath: m_Name
      value: SM_Env_DustPile_Large_03
      objectReference: {fileID: 0}
    - target: {fileID: 4228320463399318, guid: 113c8ef618b06804185a8cd6397bab53, type: 3}
      propertyPath: m_LocalPosition.x
      value: -21.319674
      objectReference: {fileID: 0}
    - target: {fileID: 4228320463399318, guid: 113c8ef618b06804185a8cd6397bab53, type: 3}
      propertyPath: m_LocalPosition.y
      value: 1.5666239
      objectReference: {fileID: 0}
    - target: {fileID: 4228320463399318, guid: 113c8ef618b06804185a8cd6397bab53, type: 3}
      propertyPath: m_LocalPosition.z
      value: -11.166116
      objectReference: {fileID: 0}
    - target: {fileID: 4228320463399318, guid: 113c8ef618b06804185a8cd6397bab53, type: 3}
      propertyPath: m_LocalRotation.x
      value: -0
      objectReference: {fileID: 0}
    - target: {fileID: 4228320463399318, guid: 113c8ef618b06804185a8cd6397bab53, type: 3}
      propertyPath: m_LocalRotation.y
      value: -0
      objectReference: {fileID: 0}
    - target: {fileID: 4228320463399318, guid: 113c8ef618b06804185a8cd6397bab53, type: 3}
      propertyPath: m_LocalRotation.z
      value: -0.0053041186
      objectReference: {fileID: 0}
    - target: {fileID: 4228320463399318, guid: 113c8ef618b06804185a8cd6397bab53, type: 3}
      propertyPath: m_LocalRotation.w
      value: 0.99998593
      objectReference: {fileID: 0}
    - target: {fileID: 4228320463399318, guid: 113c8ef618b06804185a8cd6397bab53, type: 3}
      propertyPath: m_RootOrder
      value: 6
      objectReference: {fileID: 0}
    - target: {fileID: 4228320463399318, guid: 113c8ef618b06804185a8cd6397bab53, type: 3}
      propertyPath: m_LocalEulerAnglesHint.x
      value: 0
      objectReference: {fileID: 0}
    - target: {fileID: 4228320463399318, guid: 113c8ef618b06804185a8cd6397bab53, type: 3}
      propertyPath: m_LocalEulerAnglesHint.y
      value: 0
      objectReference: {fileID: 0}
    - target: {fileID: 4228320463399318, guid: 113c8ef618b06804185a8cd6397bab53, type: 3}
      propertyPath: m_LocalEulerAnglesHint.z
      value: -0.60800004
      objectReference: {fileID: 0}
    - target: {fileID: 4228320463399318, guid: 113c8ef618b06804185a8cd6397bab53, type: 3}
      propertyPath: m_LocalScale.y
      value: 0.8
      objectReference: {fileID: 0}
    - target: {fileID: 64626417502896176, guid: 113c8ef618b06804185a8cd6397bab53,
        type: 3}
      propertyPath: m_Enabled
      value: 0
      objectReference: {fileID: 0}
    m_RemovedComponents: []
  m_SourcePrefab: {fileID: 100100000, guid: 113c8ef618b06804185a8cd6397bab53, type: 3}
--- !u!4 &7242224730674253253 stripped
Transform:
  m_CorrespondingSourceObject: {fileID: 4228320463399318, guid: 113c8ef618b06804185a8cd6397bab53,
    type: 3}
  m_PrefabInstance: {fileID: 7245879101667730515}
  m_PrefabAsset: {fileID: 0}
--- !u!1001 &7993506302549963636
PrefabInstance:
  m_ObjectHideFlags: 0
  serializedVersion: 2
  m_Modification:
    m_TransformParent: {fileID: 6861977052150870762}
    m_Modifications:
    - target: {fileID: 1546343326759050, guid: d1fff2559dd8e414cb4dfc2b788a10c7, type: 3}
      propertyPath: m_Name
      value: SM_Env_Rock_Alt_01
      objectReference: {fileID: 0}
    - target: {fileID: 4239540089455616, guid: d1fff2559dd8e414cb4dfc2b788a10c7, type: 3}
      propertyPath: m_LocalPosition.x
      value: 9.275219
      objectReference: {fileID: 0}
    - target: {fileID: 4239540089455616, guid: d1fff2559dd8e414cb4dfc2b788a10c7, type: 3}
      propertyPath: m_LocalPosition.y
      value: 1.8814716
      objectReference: {fileID: 0}
    - target: {fileID: 4239540089455616, guid: d1fff2559dd8e414cb4dfc2b788a10c7, type: 3}
      propertyPath: m_LocalPosition.z
      value: 11.348329
      objectReference: {fileID: 0}
    - target: {fileID: 4239540089455616, guid: d1fff2559dd8e414cb4dfc2b788a10c7, type: 3}
      propertyPath: m_LocalRotation.x
      value: -0
      objectReference: {fileID: 0}
    - target: {fileID: 4239540089455616, guid: d1fff2559dd8e414cb4dfc2b788a10c7, type: 3}
      propertyPath: m_LocalRotation.y
      value: -0
      objectReference: {fileID: 0}
    - target: {fileID: 4239540089455616, guid: d1fff2559dd8e414cb4dfc2b788a10c7, type: 3}
      propertyPath: m_LocalRotation.z
      value: -0
      objectReference: {fileID: 0}
    - target: {fileID: 4239540089455616, guid: d1fff2559dd8e414cb4dfc2b788a10c7, type: 3}
      propertyPath: m_LocalRotation.w
      value: 1
      objectReference: {fileID: 0}
    - target: {fileID: 4239540089455616, guid: d1fff2559dd8e414cb4dfc2b788a10c7, type: 3}
      propertyPath: m_RootOrder
      value: 12
      objectReference: {fileID: 0}
    - target: {fileID: 4239540089455616, guid: d1fff2559dd8e414cb4dfc2b788a10c7, type: 3}
      propertyPath: m_LocalEulerAnglesHint.x
      value: 0
      objectReference: {fileID: 0}
    - target: {fileID: 4239540089455616, guid: d1fff2559dd8e414cb4dfc2b788a10c7, type: 3}
      propertyPath: m_LocalEulerAnglesHint.y
      value: 0
      objectReference: {fileID: 0}
    - target: {fileID: 4239540089455616, guid: d1fff2559dd8e414cb4dfc2b788a10c7, type: 3}
      propertyPath: m_LocalEulerAnglesHint.z
      value: 0
      objectReference: {fileID: 0}
    - target: {fileID: 4239540089455616, guid: d1fff2559dd8e414cb4dfc2b788a10c7, type: 3}
      propertyPath: m_LocalScale.y
      value: 0.8
      objectReference: {fileID: 0}
    - target: {fileID: 64785710430471672, guid: d1fff2559dd8e414cb4dfc2b788a10c7,
        type: 3}
      propertyPath: m_Enabled
      value: 0
      objectReference: {fileID: 0}
    m_RemovedComponents: []
  m_SourcePrefab: {fileID: 100100000, guid: d1fff2559dd8e414cb4dfc2b788a10c7, type: 3}
--- !u!4 &7989856843723519860 stripped
Transform:
  m_CorrespondingSourceObject: {fileID: 4239540089455616, guid: d1fff2559dd8e414cb4dfc2b788a10c7,
    type: 3}
  m_PrefabInstance: {fileID: 7993506302549963636}
  m_PrefabAsset: {fileID: 0}
--- !u!1001 &8370925507757410339
PrefabInstance:
  m_ObjectHideFlags: 0
  serializedVersion: 2
  m_Modification:
    m_TransformParent: {fileID: 6861977052150870762}
    m_Modifications:
    - target: {fileID: 1236017473261580, guid: c933db8b77a3dbf41bbfbdf437dfaf8e, type: 3}
      propertyPath: m_Name
      value: SM_Env_Grass_01
      objectReference: {fileID: 0}
    - target: {fileID: 4867645178850748, guid: c933db8b77a3dbf41bbfbdf437dfaf8e, type: 3}
      propertyPath: m_LocalPosition.x
      value: -22.56
      objectReference: {fileID: 0}
    - target: {fileID: 4867645178850748, guid: c933db8b77a3dbf41bbfbdf437dfaf8e, type: 3}
      propertyPath: m_LocalPosition.y
      value: 1.6700001
      objectReference: {fileID: 0}
    - target: {fileID: 4867645178850748, guid: c933db8b77a3dbf41bbfbdf437dfaf8e, type: 3}
      propertyPath: m_LocalPosition.z
      value: -10.16
      objectReference: {fileID: 0}
    - target: {fileID: 4867645178850748, guid: c933db8b77a3dbf41bbfbdf437dfaf8e, type: 3}
      propertyPath: m_LocalRotation.x
      value: 0.013924951
      objectReference: {fileID: 0}
    - target: {fileID: 4867645178850748, guid: c933db8b77a3dbf41bbfbdf437dfaf8e, type: 3}
      propertyPath: m_LocalRotation.y
      value: -0.029719908
      objectReference: {fileID: 0}
    - target: {fileID: 4867645178850748, guid: c933db8b77a3dbf41bbfbdf437dfaf8e, type: 3}
      propertyPath: m_LocalRotation.z
      value: 0.11558307
      objectReference: {fileID: 0}
    - target: {fileID: 4867645178850748, guid: c933db8b77a3dbf41bbfbdf437dfaf8e, type: 3}
      propertyPath: m_LocalRotation.w
      value: 0.9927555
      objectReference: {fileID: 0}
    - target: {fileID: 4867645178850748, guid: c933db8b77a3dbf41bbfbdf437dfaf8e, type: 3}
      propertyPath: m_RootOrder
      value: 9
      objectReference: {fileID: 0}
    - target: {fileID: 4867645178850748, guid: c933db8b77a3dbf41bbfbdf437dfaf8e, type: 3}
      propertyPath: m_LocalEulerAnglesHint.x
      value: 1.978
      objectReference: {fileID: 0}
    - target: {fileID: 4867645178850748, guid: c933db8b77a3dbf41bbfbdf437dfaf8e, type: 3}
      propertyPath: m_LocalEulerAnglesHint.y
      value: -3.2
      objectReference: {fileID: 0}
    - target: {fileID: 4867645178850748, guid: c933db8b77a3dbf41bbfbdf437dfaf8e, type: 3}
      propertyPath: m_LocalEulerAnglesHint.z
      value: 13.226001
      objectReference: {fileID: 0}
    - target: {fileID: 4867645178850748, guid: c933db8b77a3dbf41bbfbdf437dfaf8e, type: 3}
      propertyPath: m_LocalScale.y
      value: 0.8
      objectReference: {fileID: 0}
    m_RemovedComponents: []
  m_SourcePrefab: {fileID: 100100000, guid: c933db8b77a3dbf41bbfbdf437dfaf8e, type: 3}
--- !u!4 &8375230194895824287 stripped
Transform:
  m_CorrespondingSourceObject: {fileID: 4867645178850748, guid: c933db8b77a3dbf41bbfbdf437dfaf8e,
    type: 3}
  m_PrefabInstance: {fileID: 8370925507757410339}
  m_PrefabAsset: {fileID: 0}
--- !u!1001 &9134296309424098920
PrefabInstance:
  m_ObjectHideFlags: 0
  serializedVersion: 2
  m_Modification:
    m_TransformParent: {fileID: 6861977052150870762}
    m_Modifications:
    - target: {fileID: 1149965740689168, guid: 610309a373c4b7f46b12627b75a32511, type: 3}
      propertyPath: m_Name
      value: SM_Env_Rocks_02
      objectReference: {fileID: 0}
    - target: {fileID: 4050703955317428, guid: 610309a373c4b7f46b12627b75a32511, type: 3}
      propertyPath: m_LocalPosition.x
      value: -5.369089
      objectReference: {fileID: 0}
    - target: {fileID: 4050703955317428, guid: 610309a373c4b7f46b12627b75a32511, type: 3}
      propertyPath: m_LocalPosition.y
      value: 1.7910187
      objectReference: {fileID: 0}
    - target: {fileID: 4050703955317428, guid: 610309a373c4b7f46b12627b75a32511, type: 3}
      propertyPath: m_LocalPosition.z
      value: 2.4570172
      objectReference: {fileID: 0}
    - target: {fileID: 4050703955317428, guid: 610309a373c4b7f46b12627b75a32511, type: 3}
      propertyPath: m_LocalRotation.x
      value: -0
      objectReference: {fileID: 0}
    - target: {fileID: 4050703955317428, guid: 610309a373c4b7f46b12627b75a32511, type: 3}
      propertyPath: m_LocalRotation.y
      value: -0
      objectReference: {fileID: 0}
    - target: {fileID: 4050703955317428, guid: 610309a373c4b7f46b12627b75a32511, type: 3}
      propertyPath: m_LocalRotation.z
      value: -0
      objectReference: {fileID: 0}
    - target: {fileID: 4050703955317428, guid: 610309a373c4b7f46b12627b75a32511, type: 3}
      propertyPath: m_LocalRotation.w
      value: 1
      objectReference: {fileID: 0}
    - target: {fileID: 4050703955317428, guid: 610309a373c4b7f46b12627b75a32511, type: 3}
      propertyPath: m_RootOrder
      value: 8
      objectReference: {fileID: 0}
    - target: {fileID: 4050703955317428, guid: 610309a373c4b7f46b12627b75a32511, type: 3}
      propertyPath: m_LocalEulerAnglesHint.x
      value: 0
      objectReference: {fileID: 0}
    - target: {fileID: 4050703955317428, guid: 610309a373c4b7f46b12627b75a32511, type: 3}
      propertyPath: m_LocalEulerAnglesHint.y
      value: 0
      objectReference: {fileID: 0}
    - target: {fileID: 4050703955317428, guid: 610309a373c4b7f46b12627b75a32511, type: 3}
      propertyPath: m_LocalEulerAnglesHint.z
      value: 0
      objectReference: {fileID: 0}
    - target: {fileID: 4050703955317428, guid: 610309a373c4b7f46b12627b75a32511, type: 3}
      propertyPath: m_LocalScale.y
      value: 0.8
      objectReference: {fileID: 0}
    m_RemovedComponents: []
  m_SourcePrefab: {fileID: 100100000, guid: 610309a373c4b7f46b12627b75a32511, type: 3}
--- !u!4 &9137220907305688284 stripped
Transform:
  m_CorrespondingSourceObject: {fileID: 4050703955317428, guid: 610309a373c4b7f46b12627b75a32511,
    type: 3}
  m_PrefabInstance: {fileID: 9134296309424098920}
  m_PrefabAsset: {fileID: 0}
