%YAML 1.1
%TAG !u! tag:unity3d.com,2011:
--- !u!29 &1
OcclusionCullingSettings:
  m_ObjectHideFlags: 0
  serializedVersion: 2
  m_OcclusionBakeSettings:
    smallestOccluder: 5
    smallestHole: 0.25
    backfaceThreshold: 100
  m_SceneGUID: 00000000000000000000000000000000
  m_OcclusionCullingData: {fileID: 0}
--- !u!104 &2
RenderSettings:
  m_ObjectHideFlags: 0
  serializedVersion: 9
  m_Fog: 0
  m_FogColor: {r: 0.74264705, g: 0.6036832, b: 0.49691826, a: 1}
  m_FogMode: 1
  m_FogDensity: 0.005
  m_LinearFogStart: 0
  m_LinearFogEnd: 1087
  m_AmbientSkyColor: {r: 0.212, g: 0.227, b: 0.259, a: 1}
  m_AmbientEquatorColor: {r: 0.114, g: 0.125, b: 0.133, a: 1}
  m_AmbientGroundColor: {r: 0.047, g: 0.043, b: 0.035, a: 1}
  m_AmbientIntensity: 1
  m_AmbientMode: 0
  m_SubtractiveShadowColor: {r: 0.42, g: 0.478, b: 0.627, a: 1}
  m_SkyboxMaterial: {fileID: 10304, guid: 0000000000000000f000000000000000, type: 0}
  m_HaloStrength: 0.5
  m_FlareStrength: 1
  m_FlareFadeSpeed: 3
  m_HaloTexture: {fileID: 0}
  m_SpotCookie: {fileID: 10001, guid: 0000000000000000e000000000000000, type: 0}
  m_DefaultReflectionMode: 0
  m_DefaultReflectionResolution: 128
  m_ReflectionBounces: 1
  m_ReflectionIntensity: 1
  m_CustomReflection: {fileID: 0}
  m_Sun: {fileID: 0}
  m_IndirectSpecularColor: {r: 0.18154669, g: 0.22718956, b: 0.30740526, a: 1}
  m_UseRadianceAmbientProbe: 0
--- !u!157 &3
LightmapSettings:
  m_ObjectHideFlags: 0
  serializedVersion: 11
  m_GIWorkflowMode: 0
  m_GISettings:
    serializedVersion: 2
    m_BounceScale: 1
    m_IndirectOutputScale: 1
    m_AlbedoBoost: 1
    m_EnvironmentLightingMode: 0
    m_EnableBakedLightmaps: 1
    m_EnableRealtimeLightmaps: 1
  m_LightmapEditorSettings:
    serializedVersion: 12
    m_Resolution: 2
    m_BakeResolution: 40
    m_AtlasSize: 1024
    m_AO: 0
    m_AOMaxDistance: 1
    m_CompAOExponent: 1
    m_CompAOExponentDirect: 0
    m_ExtractAmbientOcclusion: 0
    m_Padding: 2
    m_LightmapParameters: {fileID: 0}
    m_LightmapsBakeMode: 1
    m_TextureCompression: 1
    m_FinalGather: 0
    m_FinalGatherFiltering: 1
    m_FinalGatherRayCount: 256
    m_ReflectionCompression: 2
    m_MixedBakeMode: 2
    m_BakeBackend: 0
    m_PVRSampling: 1
    m_PVRDirectSampleCount: 32
    m_PVRSampleCount: 500
    m_PVRBounces: 2
    m_PVREnvironmentSampleCount: 500
    m_PVREnvironmentReferencePointCount: 2048
    m_PVRFilteringMode: 2
    m_PVRDenoiserTypeDirect: 0
    m_PVRDenoiserTypeIndirect: 0
    m_PVRDenoiserTypeAO: 0
    m_PVRFilterTypeDirect: 0
    m_PVRFilterTypeIndirect: 0
    m_PVRFilterTypeAO: 0
    m_PVREnvironmentMIS: 0
    m_PVRCulling: 1
    m_PVRFilteringGaussRadiusDirect: 1
    m_PVRFilteringGaussRadiusIndirect: 5
    m_PVRFilteringGaussRadiusAO: 2
    m_PVRFilteringAtrousPositionSigmaDirect: 0.5
    m_PVRFilteringAtrousPositionSigmaIndirect: 2
    m_PVRFilteringAtrousPositionSigmaAO: 1
    m_ExportTrainingData: 0
    m_TrainingDataDestination: TrainingData
    m_LightProbeSampleCountMultiplier: 4
  m_LightingDataAsset: {fileID: 0}
  m_UseShadowmask: 1
--- !u!196 &4
NavMeshSettings:
  serializedVersion: 2
  m_ObjectHideFlags: 0
  m_BuildSettings:
    serializedVersion: 2
    agentTypeID: 0
    agentRadius: 0.5
    agentHeight: 2
    agentSlope: 45
    agentClimb: 0.4
    ledgeDropHeight: 0
    maxJumpAcrossDistance: 0
    minRegionArea: 2
    manualCellSize: 0
    cellSize: 0.16666667
    manualTileSize: 0
    tileSize: 256
    accuratePlacement: 0
    debug:
      m_Flags: 0
  m_NavMeshData: {fileID: 0}
--- !u!114 &58661613 stripped
MonoBehaviour:
  m_CorrespondingSourceObject: {fileID: 8543776362336513535, guid: 2ce3d4675f2cbcd498201fcd87e5f95c,
    type: 3}
  m_PrefabInstance: {fileID: 7135878770351648559}
  m_PrefabAsset: {fileID: 0}
  m_GameObject: {fileID: 0}
  m_Enabled: 1
  m_EditorHideFlags: 0
  m_Script: {fileID: 11500000, guid: d31c78e7fa323b84f97a5756d572ce86, type: 3}
  m_Name: 
  m_EditorClassIdentifier: 
--- !u!1 &60164261
GameObject:
  m_ObjectHideFlags: 0
  m_CorrespondingSourceObject: {fileID: 0}
  m_PrefabInstance: {fileID: 0}
  m_PrefabAsset: {fileID: 0}
  serializedVersion: 6
  m_Component:
  - component: {fileID: 60164265}
  - component: {fileID: 60164264}
  - component: {fileID: 60164263}
  - component: {fileID: 60164262}
  m_Layer: 0
  m_Name: New Text
  m_TagString: Untagged
  m_Icon: {fileID: 0}
  m_NavMeshLayer: 0
  m_StaticEditorFlags: 0
  m_IsActive: 1
--- !u!114 &60164262
MonoBehaviour:
  m_ObjectHideFlags: 0
  m_CorrespondingSourceObject: {fileID: 0}
  m_PrefabInstance: {fileID: 0}
  m_PrefabAsset: {fileID: 0}
  m_GameObject: {fileID: 60164261}
  m_Enabled: 1
  m_EditorHideFlags: 0
  m_Script: {fileID: 11500000, guid: 4af52c40c72816e429ee1ca7a9e7ae0c, type: 3}
  m_Name: 
  m_EditorClassIdentifier: 
  controller: {fileID: 58661613}
--- !u!102 &60164263
TextMesh:
  serializedVersion: 3
  m_ObjectHideFlags: 0
  m_CorrespondingSourceObject: {fileID: 0}
  m_PrefabInstance: {fileID: 0}
  m_PrefabAsset: {fileID: 0}
  m_GameObject: {fileID: 60164261}
  m_Text: 0
  m_OffsetZ: 0
  m_CharacterSize: 3
  m_LineSpacing: 1
  m_Anchor: 4
  m_Alignment: 1
  m_TabSize: 4
  m_FontSize: 60
  m_FontStyle: 1
  m_RichText: 1
  m_Font: {fileID: 10102, guid: 0000000000000000e000000000000000, type: 0}
  m_Color:
    serializedVersion: 2
    rgba: 4294967295
--- !u!23 &60164264
MeshRenderer:
  m_ObjectHideFlags: 0
  m_CorrespondingSourceObject: {fileID: 0}
  m_PrefabInstance: {fileID: 0}
  m_PrefabAsset: {fileID: 0}
  m_GameObject: {fileID: 60164261}
  m_Enabled: 1
  m_CastShadows: 1
  m_ReceiveShadows: 1
  m_DynamicOccludee: 1
  m_MotionVectors: 1
  m_LightProbeUsage: 1
  m_ReflectionProbeUsage: 1
  m_RayTracingMode: 2
  m_RenderingLayerMask: 4294967295
  m_RendererPriority: 0
  m_Materials:
  - {fileID: 10100, guid: 0000000000000000e000000000000000, type: 0}
  m_StaticBatchInfo:
    firstSubMesh: 0
    subMeshCount: 0
  m_StaticBatchRoot: {fileID: 0}
  m_ProbeAnchor: {fileID: 0}
  m_LightProbeVolumeOverride: {fileID: 0}
  m_ScaleInLightmap: 1
  m_ReceiveGI: 1
  m_PreserveUVs: 0
  m_IgnoreNormalsForChartDetection: 0
  m_ImportantGI: 0
  m_StitchLightmapSeams: 1
  m_SelectedEditorRenderState: 3
  m_MinimumChartSize: 4
  m_AutoUVMaxDistance: 0.5
  m_AutoUVMaxAngle: 89
  m_LightmapParameters: {fileID: 0}
  m_SortingLayerID: 0
  m_SortingLayer: 0
  m_SortingOrder: 0
--- !u!4 &60164265
Transform:
  m_ObjectHideFlags: 0
  m_CorrespondingSourceObject: {fileID: 0}
  m_PrefabInstance: {fileID: 0}
  m_PrefabAsset: {fileID: 0}
  m_GameObject: {fileID: 60164261}
  m_LocalRotation: {x: 0, y: 0, z: 0, w: 1}
  m_LocalPosition: {x: -1.24, y: 0, z: -3.41}
  m_LocalScale: {x: 0.1, y: 0.1, z: 0.1}
  m_Children: []
  m_Father: {fileID: 0}
  m_RootOrder: 17
  m_LocalEulerAnglesHint: {x: 0, y: 0, z: 0}
--- !u!1001 &93859938
PrefabInstance:
  m_ObjectHideFlags: 0
  serializedVersion: 2
  m_Modification:
    m_TransformParent: {fileID: 0}
    m_Modifications:
    - target: {fileID: 1586705078284526849, guid: a7caba12640156340b10d02049f04015,
        type: 3}
      propertyPath: m_Name
      value: COAL (12)
      objectReference: {fileID: 0}
    - target: {fileID: 1587658312465158997, guid: a7caba12640156340b10d02049f04015,
        type: 3}
      propertyPath: m_LocalPosition.x
      value: -0.7627123
      objectReference: {fileID: 0}
    - target: {fileID: 1587658312465158997, guid: a7caba12640156340b10d02049f04015,
        type: 3}
      propertyPath: m_LocalPosition.y
      value: 0.064
      objectReference: {fileID: 0}
    - target: {fileID: 1587658312465158997, guid: a7caba12640156340b10d02049f04015,
        type: 3}
      propertyPath: m_LocalPosition.z
      value: -2.2009056
      objectReference: {fileID: 0}
    - target: {fileID: 1587658312465158997, guid: a7caba12640156340b10d02049f04015,
        type: 3}
      propertyPath: m_LocalRotation.x
      value: 0
      objectReference: {fileID: 0}
    - target: {fileID: 1587658312465158997, guid: a7caba12640156340b10d02049f04015,
        type: 3}
      propertyPath: m_LocalRotation.y
      value: -0
      objectReference: {fileID: 0}
    - target: {fileID: 1587658312465158997, guid: a7caba12640156340b10d02049f04015,
        type: 3}
      propertyPath: m_LocalRotation.z
      value: -0
      objectReference: {fileID: 0}
    - target: {fileID: 1587658312465158997, guid: a7caba12640156340b10d02049f04015,
        type: 3}
      propertyPath: m_LocalRotation.w
      value: 1
      objectReference: {fileID: 0}
    - target: {fileID: 1587658312465158997, guid: a7caba12640156340b10d02049f04015,
        type: 3}
      propertyPath: m_RootOrder
      value: 29
      objectReference: {fileID: 0}
    - target: {fileID: 1587658312465158997, guid: a7caba12640156340b10d02049f04015,
        type: 3}
      propertyPath: m_LocalEulerAnglesHint.x
      value: 0
      objectReference: {fileID: 0}
    - target: {fileID: 1587658312465158997, guid: a7caba12640156340b10d02049f04015,
        type: 3}
      propertyPath: m_LocalEulerAnglesHint.y
      value: 0
      objectReference: {fileID: 0}
    - target: {fileID: 1587658312465158997, guid: a7caba12640156340b10d02049f04015,
        type: 3}
      propertyPath: m_LocalEulerAnglesHint.z
      value: 0
      objectReference: {fileID: 0}
    m_RemovedComponents: []
  m_SourcePrefab: {fileID: 100100000, guid: a7caba12640156340b10d02049f04015, type: 3}
--- !u!1 &96828933
GameObject:
  m_ObjectHideFlags: 0
  m_CorrespondingSourceObject: {fileID: 0}
  m_PrefabInstance: {fileID: 0}
  m_PrefabAsset: {fileID: 0}
  serializedVersion: 6
  m_Component:
  - component: {fileID: 96828937}
  - component: {fileID: 96828936}
  - component: {fileID: 96828935}
  - component: {fileID: 96828934}
  m_Layer: 0
  m_Name: Cube (3)
  m_TagString: Untagged
  m_Icon: {fileID: 0}
  m_NavMeshLayer: 0
  m_StaticEditorFlags: 0
  m_IsActive: 1
--- !u!65 &96828934
BoxCollider:
  m_ObjectHideFlags: 0
  m_CorrespondingSourceObject: {fileID: 0}
  m_PrefabInstance: {fileID: 0}
  m_PrefabAsset: {fileID: 0}
  m_GameObject: {fileID: 96828933}
  m_Material: {fileID: 0}
  m_IsTrigger: 0
  m_Enabled: 1
  serializedVersion: 2
  m_Size: {x: 1, y: 1, z: 1}
  m_Center: {x: 0, y: 0, z: 0}
--- !u!23 &96828935
MeshRenderer:
  m_ObjectHideFlags: 0
  m_CorrespondingSourceObject: {fileID: 0}
  m_PrefabInstance: {fileID: 0}
  m_PrefabAsset: {fileID: 0}
  m_GameObject: {fileID: 96828933}
  m_Enabled: 1
  m_CastShadows: 1
  m_ReceiveShadows: 1
  m_DynamicOccludee: 1
  m_MotionVectors: 1
  m_LightProbeUsage: 1
  m_ReflectionProbeUsage: 1
  m_RayTracingMode: 2
  m_RenderingLayerMask: 1
  m_RendererPriority: 0
  m_Materials:
  - {fileID: 2100000, guid: 31321ba15b8f8eb4c954353edc038b1d, type: 2}
  m_StaticBatchInfo:
    firstSubMesh: 0
    subMeshCount: 0
  m_StaticBatchRoot: {fileID: 0}
  m_ProbeAnchor: {fileID: 0}
  m_LightProbeVolumeOverride: {fileID: 0}
  m_ScaleInLightmap: 1
  m_ReceiveGI: 1
  m_PreserveUVs: 0
  m_IgnoreNormalsForChartDetection: 0
  m_ImportantGI: 0
  m_StitchLightmapSeams: 1
  m_SelectedEditorRenderState: 3
  m_MinimumChartSize: 4
  m_AutoUVMaxDistance: 0.5
  m_AutoUVMaxAngle: 89
  m_LightmapParameters: {fileID: 0}
  m_SortingLayerID: 0
  m_SortingLayer: 0
  m_SortingOrder: 0
--- !u!33 &96828936
MeshFilter:
  m_ObjectHideFlags: 0
  m_CorrespondingSourceObject: {fileID: 0}
  m_PrefabInstance: {fileID: 0}
  m_PrefabAsset: {fileID: 0}
  m_GameObject: {fileID: 96828933}
  m_Mesh: {fileID: 10202, guid: 0000000000000000e000000000000000, type: 0}
--- !u!4 &96828937
Transform:
  m_ObjectHideFlags: 0
  m_CorrespondingSourceObject: {fileID: 0}
  m_PrefabInstance: {fileID: 0}
  m_PrefabAsset: {fileID: 0}
  m_GameObject: {fileID: 96828933}
  m_LocalRotation: {x: -0, y: 0.7108251, z: -0, w: 0.70336884}
  m_LocalPosition: {x: -4.0750003, y: 0.05, z: -7.6510005}
  m_LocalScale: {x: 0.58, y: 1.37, z: 7.77}
  m_Children: []
  m_Father: {fileID: 0}
  m_RootOrder: 12
  m_LocalEulerAnglesHint: {x: 0, y: 90.604004, z: 0}
--- !u!1001 &105389863
PrefabInstance:
  m_ObjectHideFlags: 0
  serializedVersion: 2
  m_Modification:
    m_TransformParent: {fileID: 0}
    m_Modifications:
    - target: {fileID: 1586705078284526849, guid: a7caba12640156340b10d02049f04015,
        type: 3}
      propertyPath: m_Name
      value: COAL (14)
      objectReference: {fileID: 0}
    - target: {fileID: 1587658312465158997, guid: a7caba12640156340b10d02049f04015,
        type: 3}
      propertyPath: m_LocalPosition.x
      value: -0.7627123
      objectReference: {fileID: 0}
    - target: {fileID: 1587658312465158997, guid: a7caba12640156340b10d02049f04015,
        type: 3}
      propertyPath: m_LocalPosition.y
      value: -0.143
      objectReference: {fileID: 0}
    - target: {fileID: 1587658312465158997, guid: a7caba12640156340b10d02049f04015,
        type: 3}
      propertyPath: m_LocalPosition.z
      value: -2.2009056
      objectReference: {fileID: 0}
    - target: {fileID: 1587658312465158997, guid: a7caba12640156340b10d02049f04015,
        type: 3}
      propertyPath: m_LocalRotation.x
      value: 0
      objectReference: {fileID: 0}
    - target: {fileID: 1587658312465158997, guid: a7caba12640156340b10d02049f04015,
        type: 3}
      propertyPath: m_LocalRotation.y
      value: -0
      objectReference: {fileID: 0}
    - target: {fileID: 1587658312465158997, guid: a7caba12640156340b10d02049f04015,
        type: 3}
      propertyPath: m_LocalRotation.z
      value: -0
      objectReference: {fileID: 0}
    - target: {fileID: 1587658312465158997, guid: a7caba12640156340b10d02049f04015,
        type: 3}
      propertyPath: m_LocalRotation.w
      value: 1
      objectReference: {fileID: 0}
    - target: {fileID: 1587658312465158997, guid: a7caba12640156340b10d02049f04015,
        type: 3}
      propertyPath: m_RootOrder
      value: 31
      objectReference: {fileID: 0}
    - target: {fileID: 1587658312465158997, guid: a7caba12640156340b10d02049f04015,
        type: 3}
      propertyPath: m_LocalEulerAnglesHint.x
      value: 0
      objectReference: {fileID: 0}
    - target: {fileID: 1587658312465158997, guid: a7caba12640156340b10d02049f04015,
        type: 3}
      propertyPath: m_LocalEulerAnglesHint.y
      value: 0
      objectReference: {fileID: 0}
    - target: {fileID: 1587658312465158997, guid: a7caba12640156340b10d02049f04015,
        type: 3}
      propertyPath: m_LocalEulerAnglesHint.z
      value: 0
      objectReference: {fileID: 0}
    m_RemovedComponents: []
  m_SourcePrefab: {fileID: 100100000, guid: a7caba12640156340b10d02049f04015, type: 3}
--- !u!1 &123773570
GameObject:
  m_ObjectHideFlags: 0
  m_CorrespondingSourceObject: {fileID: 0}
  m_PrefabInstance: {fileID: 0}
  m_PrefabAsset: {fileID: 0}
  serializedVersion: 6
  m_Component:
  - component: {fileID: 123773572}
  - component: {fileID: 123773571}
  m_Layer: 0
  m_Name: Post-process Volume
  m_TagString: Untagged
  m_Icon: {fileID: 0}
  m_NavMeshLayer: 0
  m_StaticEditorFlags: 0
  m_IsActive: 1
--- !u!114 &123773571
MonoBehaviour:
  m_ObjectHideFlags: 0
  m_CorrespondingSourceObject: {fileID: 0}
  m_PrefabInstance: {fileID: 0}
  m_PrefabAsset: {fileID: 0}
  m_GameObject: {fileID: 123773570}
  m_Enabled: 1
  m_EditorHideFlags: 0
  m_Script: {fileID: 11500000, guid: 172515602e62fb746b5d573b38a5fe58, type: 3}
  m_Name: 
  m_EditorClassIdentifier: 
  isGlobal: 1
  priority: 0
  blendDistance: 0
  weight: 1
  sharedProfile: {fileID: 11400000, guid: 10fc4df2da32a41aaa32d77bc913491c, type: 2}
--- !u!4 &123773572
Transform:
  m_ObjectHideFlags: 0
  m_CorrespondingSourceObject: {fileID: 0}
  m_PrefabInstance: {fileID: 0}
  m_PrefabAsset: {fileID: 0}
  m_GameObject: {fileID: 123773570}
  m_LocalRotation: {x: -0, y: -0, z: -0, w: 1}
  m_LocalPosition: {x: 0, y: 0, z: 0}
  m_LocalScale: {x: 1, y: 1, z: 1}
  m_Children: []
  m_Father: {fileID: 0}
  m_RootOrder: 8
  m_LocalEulerAnglesHint: {x: 0, y: 0, z: 0}
--- !u!1001 &145131392
PrefabInstance:
  m_ObjectHideFlags: 0
  serializedVersion: 2
  m_Modification:
    m_TransformParent: {fileID: 0}
    m_Modifications:
    - target: {fileID: 1586705078284526849, guid: a7caba12640156340b10d02049f04015,
        type: 3}
      propertyPath: m_Name
      value: COAL
      objectReference: {fileID: 0}
    - target: {fileID: 1587658312465158997, guid: a7caba12640156340b10d02049f04015,
        type: 3}
      propertyPath: m_LocalPosition.x
      value: -0.7627123
      objectReference: {fileID: 0}
    - target: {fileID: 1587658312465158997, guid: a7caba12640156340b10d02049f04015,
        type: 3}
      propertyPath: m_LocalPosition.y
      value: -0.54678625
      objectReference: {fileID: 0}
    - target: {fileID: 1587658312465158997, guid: a7caba12640156340b10d02049f04015,
        type: 3}
      propertyPath: m_LocalPosition.z
      value: -2.2009056
      objectReference: {fileID: 0}
    - target: {fileID: 1587658312465158997, guid: a7caba12640156340b10d02049f04015,
        type: 3}
      propertyPath: m_LocalRotation.x
      value: 0
      objectReference: {fileID: 0}
    - target: {fileID: 1587658312465158997, guid: a7caba12640156340b10d02049f04015,
        type: 3}
      propertyPath: m_LocalRotation.y
      value: -0
      objectReference: {fileID: 0}
    - target: {fileID: 1587658312465158997, guid: a7caba12640156340b10d02049f04015,
        type: 3}
      propertyPath: m_LocalRotation.z
      value: -0
      objectReference: {fileID: 0}
    - target: {fileID: 1587658312465158997, guid: a7caba12640156340b10d02049f04015,
        type: 3}
      propertyPath: m_LocalRotation.w
      value: 1
      objectReference: {fileID: 0}
    - target: {fileID: 1587658312465158997, guid: a7caba12640156340b10d02049f04015,
        type: 3}
      propertyPath: m_RootOrder
      value: 1
      objectReference: {fileID: 0}
    - target: {fileID: 1587658312465158997, guid: a7caba12640156340b10d02049f04015,
        type: 3}
      propertyPath: m_LocalEulerAnglesHint.x
      value: 0
      objectReference: {fileID: 0}
    - target: {fileID: 1587658312465158997, guid: a7caba12640156340b10d02049f04015,
        type: 3}
      propertyPath: m_LocalEulerAnglesHint.y
      value: 0
      objectReference: {fileID: 0}
    - target: {fileID: 1587658312465158997, guid: a7caba12640156340b10d02049f04015,
        type: 3}
      propertyPath: m_LocalEulerAnglesHint.z
      value: 0
      objectReference: {fileID: 0}
    m_RemovedComponents: []
  m_SourcePrefab: {fileID: 100100000, guid: a7caba12640156340b10d02049f04015, type: 3}
--- !u!1 &297272344
GameObject:
  m_ObjectHideFlags: 0
  m_CorrespondingSourceObject: {fileID: 0}
  m_PrefabInstance: {fileID: 0}
  m_PrefabAsset: {fileID: 0}
  serializedVersion: 6
  m_Component:
  - component: {fileID: 297272347}
  - component: {fileID: 297272346}
  - component: {fileID: 297272345}
  m_Layer: 0
  m_Name: EventSystem
  m_TagString: Untagged
  m_Icon: {fileID: 0}
  m_NavMeshLayer: 0
  m_StaticEditorFlags: 0
  m_IsActive: 1
--- !u!114 &297272345
MonoBehaviour:
  m_ObjectHideFlags: 0
  m_CorrespondingSourceObject: {fileID: 0}
  m_PrefabInstance: {fileID: 0}
  m_PrefabAsset: {fileID: 0}
  m_GameObject: {fileID: 297272344}
  m_Enabled: 1
  m_EditorHideFlags: 0
  m_Script: {fileID: 11500000, guid: 4f231c4fb786f3946a6b90b886c48677, type: 3}
  m_Name: 
  m_EditorClassIdentifier: 
  m_HorizontalAxis: Horizontal
  m_VerticalAxis: Vertical
  m_SubmitButton: Submit
  m_CancelButton: Cancel
  m_InputActionsPerSecond: 10
  m_RepeatDelay: 0.5
  m_ForceModuleActive: 0
--- !u!114 &297272346
MonoBehaviour:
  m_ObjectHideFlags: 0
  m_CorrespondingSourceObject: {fileID: 0}
  m_PrefabInstance: {fileID: 0}
  m_PrefabAsset: {fileID: 0}
  m_GameObject: {fileID: 297272344}
  m_Enabled: 1
  m_EditorHideFlags: 0
  m_Script: {fileID: 11500000, guid: 76c392e42b5098c458856cdf6ecaaaa1, type: 3}
  m_Name: 
  m_EditorClassIdentifier: 
  m_FirstSelected: {fileID: 0}
  m_sendNavigationEvents: 1
  m_DragThreshold: 10
--- !u!4 &297272347
Transform:
  m_ObjectHideFlags: 0
  m_CorrespondingSourceObject: {fileID: 0}
  m_PrefabInstance: {fileID: 0}
  m_PrefabAsset: {fileID: 0}
  m_GameObject: {fileID: 297272344}
  m_LocalRotation: {x: 0, y: 0, z: 0, w: 1}
  m_LocalPosition: {x: 0, y: 0, z: 0}
  m_LocalScale: {x: 1, y: 1, z: 1}
  m_Children: []
  m_Father: {fileID: 0}
  m_RootOrder: 16
  m_LocalEulerAnglesHint: {x: 0, y: 0, z: 0}
--- !u!1001 &320200192
PrefabInstance:
  m_ObjectHideFlags: 0
  serializedVersion: 2
  m_Modification:
    m_TransformParent: {fileID: 0}
    m_Modifications:
    - target: {fileID: 1586705078284526849, guid: a7caba12640156340b10d02049f04015,
        type: 3}
      propertyPath: m_Name
      value: COAL (3)
      objectReference: {fileID: 0}
    - target: {fileID: 1587658312465158997, guid: a7caba12640156340b10d02049f04015,
        type: 3}
      propertyPath: m_LocalPosition.x
      value: -0.984
      objectReference: {fileID: 0}
    - target: {fileID: 1587658312465158997, guid: a7caba12640156340b10d02049f04015,
        type: 3}
      propertyPath: m_LocalPosition.y
      value: -0.352
      objectReference: {fileID: 0}
    - target: {fileID: 1587658312465158997, guid: a7caba12640156340b10d02049f04015,
        type: 3}
      propertyPath: m_LocalPosition.z
      value: -2.2009056
      objectReference: {fileID: 0}
    - target: {fileID: 1587658312465158997, guid: a7caba12640156340b10d02049f04015,
        type: 3}
      propertyPath: m_LocalRotation.x
      value: 0
      objectReference: {fileID: 0}
    - target: {fileID: 1587658312465158997, guid: a7caba12640156340b10d02049f04015,
        type: 3}
      propertyPath: m_LocalRotation.y
      value: -0
      objectReference: {fileID: 0}
    - target: {fileID: 1587658312465158997, guid: a7caba12640156340b10d02049f04015,
        type: 3}
      propertyPath: m_LocalRotation.z
      value: -0
      objectReference: {fileID: 0}
    - target: {fileID: 1587658312465158997, guid: a7caba12640156340b10d02049f04015,
        type: 3}
      propertyPath: m_LocalRotation.w
      value: 1
      objectReference: {fileID: 0}
    - target: {fileID: 1587658312465158997, guid: a7caba12640156340b10d02049f04015,
        type: 3}
      propertyPath: m_RootOrder
      value: 20
      objectReference: {fileID: 0}
    - target: {fileID: 1587658312465158997, guid: a7caba12640156340b10d02049f04015,
        type: 3}
      propertyPath: m_LocalEulerAnglesHint.x
      value: 0
      objectReference: {fileID: 0}
    - target: {fileID: 1587658312465158997, guid: a7caba12640156340b10d02049f04015,
        type: 3}
      propertyPath: m_LocalEulerAnglesHint.y
      value: 0
      objectReference: {fileID: 0}
    - target: {fileID: 1587658312465158997, guid: a7caba12640156340b10d02049f04015,
        type: 3}
      propertyPath: m_LocalEulerAnglesHint.z
      value: 0
      objectReference: {fileID: 0}
    m_RemovedComponents: []
  m_SourcePrefab: {fileID: 100100000, guid: a7caba12640156340b10d02049f04015, type: 3}
--- !u!135 &478310334
SphereCollider:
  m_ObjectHideFlags: 0
  m_CorrespondingSourceObject: {fileID: 0}
  m_PrefabInstance: {fileID: 0}
  m_PrefabAsset: {fileID: 0}
  m_GameObject: {fileID: 2061526172}
  m_Material: {fileID: 0}
  m_IsTrigger: 1
  m_Enabled: 1
  serializedVersion: 2
  m_Radius: 0.1
  m_Center: {x: 0, y: 0, z: 0}
--- !u!114 &575010836 stripped
MonoBehaviour:
  m_CorrespondingSourceObject: {fileID: 7629257857440615020, guid: a7ccfd22000048a4abec11a771093e79,
    type: 3}
  m_PrefabInstance: {fileID: 7629257858015490680}
  m_PrefabAsset: {fileID: 0}
  m_GameObject: {fileID: 0}
  m_Enabled: 1
  m_EditorHideFlags: 0
  m_Script: {fileID: 11500000, guid: 772e693191e02134ba6e07f714657e96, type: 3}
  m_Name: 
  m_EditorClassIdentifier: 
--- !u!1001 &601298796
PrefabInstance:
  m_ObjectHideFlags: 0
  serializedVersion: 2
  m_Modification:
    m_TransformParent: {fileID: 0}
    m_Modifications:
    - target: {fileID: 1586705078284526849, guid: a7caba12640156340b10d02049f04015,
        type: 3}
      propertyPath: m_Name
      value: COAL (6)
      objectReference: {fileID: 0}
    - target: {fileID: 1587658312465158997, guid: a7caba12640156340b10d02049f04015,
        type: 3}
      propertyPath: m_LocalPosition.x
      value: -0.7627123
      objectReference: {fileID: 0}
    - target: {fileID: 1587658312465158997, guid: a7caba12640156340b10d02049f04015,
        type: 3}
      propertyPath: m_LocalPosition.y
      value: 1.505
      objectReference: {fileID: 0}
    - target: {fileID: 1587658312465158997, guid: a7caba12640156340b10d02049f04015,
        type: 3}
      propertyPath: m_LocalPosition.z
      value: -2.2009056
      objectReference: {fileID: 0}
    - target: {fileID: 1587658312465158997, guid: a7caba12640156340b10d02049f04015,
        type: 3}
      propertyPath: m_LocalRotation.x
      value: 0
      objectReference: {fileID: 0}
    - target: {fileID: 1587658312465158997, guid: a7caba12640156340b10d02049f04015,
        type: 3}
      propertyPath: m_LocalRotation.y
      value: -0
      objectReference: {fileID: 0}
    - target: {fileID: 1587658312465158997, guid: a7caba12640156340b10d02049f04015,
        type: 3}
      propertyPath: m_LocalRotation.z
      value: -0
      objectReference: {fileID: 0}
    - target: {fileID: 1587658312465158997, guid: a7caba12640156340b10d02049f04015,
        type: 3}
      propertyPath: m_LocalRotation.w
      value: 1
      objectReference: {fileID: 0}
    - target: {fileID: 1587658312465158997, guid: a7caba12640156340b10d02049f04015,
        type: 3}
      propertyPath: m_RootOrder
      value: 23
      objectReference: {fileID: 0}
    - target: {fileID: 1587658312465158997, guid: a7caba12640156340b10d02049f04015,
        type: 3}
      propertyPath: m_LocalEulerAnglesHint.x
      value: 0
      objectReference: {fileID: 0}
    - target: {fileID: 1587658312465158997, guid: a7caba12640156340b10d02049f04015,
        type: 3}
      propertyPath: m_LocalEulerAnglesHint.y
      value: 0
      objectReference: {fileID: 0}
    - target: {fileID: 1587658312465158997, guid: a7caba12640156340b10d02049f04015,
        type: 3}
      propertyPath: m_LocalEulerAnglesHint.z
      value: 0
      objectReference: {fileID: 0}
    m_RemovedComponents: []
  m_SourcePrefab: {fileID: 100100000, guid: a7caba12640156340b10d02049f04015, type: 3}
--- !u!1 &717632811
GameObject:
  m_ObjectHideFlags: 0
  m_CorrespondingSourceObject: {fileID: 0}
  m_PrefabInstance: {fileID: 0}
  m_PrefabAsset: {fileID: 0}
  serializedVersion: 6
  m_Component:
  - component: {fileID: 717632813}
  - component: {fileID: 717632812}
  m_Layer: 0
  m_Name: TImer
  m_TagString: Untagged
  m_Icon: {fileID: 0}
  m_NavMeshLayer: 0
  m_StaticEditorFlags: 0
  m_IsActive: 1
--- !u!114 &717632812
MonoBehaviour:
  m_ObjectHideFlags: 0
  m_CorrespondingSourceObject: {fileID: 0}
  m_PrefabInstance: {fileID: 0}
  m_PrefabAsset: {fileID: 0}
  m_GameObject: {fileID: 717632811}
  m_Enabled: 1
  m_EditorHideFlags: 0
  m_Script: {fileID: 11500000, guid: c517cd1d89a8caf44b822d0d32707443, type: 3}
  m_Name: 
  m_EditorClassIdentifier: 
  controller: {fileID: 0}
  timeInSeconds: 5
  score: 0
  timeLeft: 0
--- !u!4 &717632813
Transform:
  m_ObjectHideFlags: 0
  m_CorrespondingSourceObject: {fileID: 0}
  m_PrefabInstance: {fileID: 0}
  m_PrefabAsset: {fileID: 0}
  m_GameObject: {fileID: 717632811}
  m_LocalRotation: {x: 0, y: 0, z: 0, w: 1}
  m_LocalPosition: {x: -1.0400712, y: -0.0778875, z: -2.1403635}
  m_LocalScale: {x: 1, y: 1, z: 1}
  m_Children: []
  m_Father: {fileID: 0}
  m_RootOrder: 32
  m_LocalEulerAnglesHint: {x: 0, y: 0, z: 0}
--- !u!1001 &727892628
PrefabInstance:
  m_ObjectHideFlags: 0
  serializedVersion: 2
  m_Modification:
    m_TransformParent: {fileID: 0}
    m_Modifications:
    - target: {fileID: 1829520066912572, guid: 6fc86bcd020904044a931af912652050, type: 3}
      propertyPath: m_Name
      value: SM_Env_Sand_Ground_06 (4)
      objectReference: {fileID: 0}
    - target: {fileID: 4563883862551582, guid: 6fc86bcd020904044a931af912652050, type: 3}
      propertyPath: m_LocalPosition.x
      value: -0.16
      objectReference: {fileID: 0}
    - target: {fileID: 4563883862551582, guid: 6fc86bcd020904044a931af912652050, type: 3}
      propertyPath: m_LocalPosition.y
      value: -0.77
      objectReference: {fileID: 0}
    - target: {fileID: 4563883862551582, guid: 6fc86bcd020904044a931af912652050, type: 3}
      propertyPath: m_LocalPosition.z
      value: 20.71
      objectReference: {fileID: 0}
    - target: {fileID: 4563883862551582, guid: 6fc86bcd020904044a931af912652050, type: 3}
      propertyPath: m_LocalRotation.x
      value: 0
      objectReference: {fileID: 0}
    - target: {fileID: 4563883862551582, guid: 6fc86bcd020904044a931af912652050, type: 3}
      propertyPath: m_LocalRotation.y
      value: 0
      objectReference: {fileID: 0}
    - target: {fileID: 4563883862551582, guid: 6fc86bcd020904044a931af912652050, type: 3}
      propertyPath: m_LocalRotation.z
      value: 0
      objectReference: {fileID: 0}
    - target: {fileID: 4563883862551582, guid: 6fc86bcd020904044a931af912652050, type: 3}
      propertyPath: m_LocalRotation.w
      value: 1
      objectReference: {fileID: 0}
    - target: {fileID: 4563883862551582, guid: 6fc86bcd020904044a931af912652050, type: 3}
      propertyPath: m_RootOrder
      value: 0
      objectReference: {fileID: 0}
    - target: {fileID: 4563883862551582, guid: 6fc86bcd020904044a931af912652050, type: 3}
      propertyPath: m_LocalScale.y
      value: 0.3534281
      objectReference: {fileID: 0}
    - target: {fileID: 4563883862551582, guid: 6fc86bcd020904044a931af912652050, type: 3}
      propertyPath: m_LocalScale.z
      value: 0.5800691
      objectReference: {fileID: 0}
    - target: {fileID: 23904020999810740, guid: 6fc86bcd020904044a931af912652050,
        type: 3}
      propertyPath: m_Materials.Array.data[0]
      value: 
      objectReference: {fileID: 2100000, guid: 66a8a6e30880caa48908020cf5388217, type: 2}
    m_RemovedComponents: []
  m_SourcePrefab: {fileID: 100100000, guid: 6fc86bcd020904044a931af912652050, type: 3}
--- !u!1001 &783927660
PrefabInstance:
  m_ObjectHideFlags: 0
  serializedVersion: 2
  m_Modification:
    m_TransformParent: {fileID: 0}
    m_Modifications:
    - target: {fileID: 1586705078284526849, guid: a7caba12640156340b10d02049f04015,
        type: 3}
      propertyPath: m_Name
      value: COAL (1)
      objectReference: {fileID: 0}
    - target: {fileID: 1587658312465158997, guid: a7caba12640156340b10d02049f04015,
        type: 3}
      propertyPath: m_LocalPosition.x
      value: -0.7627123
      objectReference: {fileID: 0}
    - target: {fileID: 1587658312465158997, guid: a7caba12640156340b10d02049f04015,
        type: 3}
      propertyPath: m_LocalPosition.y
      value: -0.54678625
      objectReference: {fileID: 0}
    - target: {fileID: 1587658312465158997, guid: a7caba12640156340b10d02049f04015,
        type: 3}
      propertyPath: m_LocalPosition.z
      value: -2.2009056
      objectReference: {fileID: 0}
    - target: {fileID: 1587658312465158997, guid: a7caba12640156340b10d02049f04015,
        type: 3}
      propertyPath: m_LocalRotation.x
      value: 0
      objectReference: {fileID: 0}
    - target: {fileID: 1587658312465158997, guid: a7caba12640156340b10d02049f04015,
        type: 3}
      propertyPath: m_LocalRotation.y
      value: -0
      objectReference: {fileID: 0}
    - target: {fileID: 1587658312465158997, guid: a7caba12640156340b10d02049f04015,
        type: 3}
      propertyPath: m_LocalRotation.z
      value: -0
      objectReference: {fileID: 0}
    - target: {fileID: 1587658312465158997, guid: a7caba12640156340b10d02049f04015,
        type: 3}
      propertyPath: m_LocalRotation.w
      value: 1
      objectReference: {fileID: 0}
    - target: {fileID: 1587658312465158997, guid: a7caba12640156340b10d02049f04015,
        type: 3}
      propertyPath: m_RootOrder
      value: 18
      objectReference: {fileID: 0}
    - target: {fileID: 1587658312465158997, guid: a7caba12640156340b10d02049f04015,
        type: 3}
      propertyPath: m_LocalEulerAnglesHint.x
      value: 0
      objectReference: {fileID: 0}
    - target: {fileID: 1587658312465158997, guid: a7caba12640156340b10d02049f04015,
        type: 3}
      propertyPath: m_LocalEulerAnglesHint.y
      value: 0
      objectReference: {fileID: 0}
    - target: {fileID: 1587658312465158997, guid: a7caba12640156340b10d02049f04015,
        type: 3}
      propertyPath: m_LocalEulerAnglesHint.z
      value: 0
      objectReference: {fileID: 0}
    m_RemovedComponents: []
  m_SourcePrefab: {fileID: 100100000, guid: a7caba12640156340b10d02049f04015, type: 3}
--- !u!1001 &811625574
PrefabInstance:
  m_ObjectHideFlags: 0
  serializedVersion: 2
  m_Modification:
    m_TransformParent: {fileID: 0}
    m_Modifications:
    - target: {fileID: 1586705078284526849, guid: a7caba12640156340b10d02049f04015,
        type: 3}
      propertyPath: m_Name
      value: COAL (2)
      objectReference: {fileID: 0}
    - target: {fileID: 1587658312465158997, guid: a7caba12640156340b10d02049f04015,
        type: 3}
      propertyPath: m_LocalPosition.x
      value: -0.984
      objectReference: {fileID: 0}
    - target: {fileID: 1587658312465158997, guid: a7caba12640156340b10d02049f04015,
        type: 3}
      propertyPath: m_LocalPosition.y
      value: -0.54678625
      objectReference: {fileID: 0}
    - target: {fileID: 1587658312465158997, guid: a7caba12640156340b10d02049f04015,
        type: 3}
      propertyPath: m_LocalPosition.z
      value: -2.2009056
      objectReference: {fileID: 0}
    - target: {fileID: 1587658312465158997, guid: a7caba12640156340b10d02049f04015,
        type: 3}
      propertyPath: m_LocalRotation.x
      value: 0
      objectReference: {fileID: 0}
    - target: {fileID: 1587658312465158997, guid: a7caba12640156340b10d02049f04015,
        type: 3}
      propertyPath: m_LocalRotation.y
      value: -0
      objectReference: {fileID: 0}
    - target: {fileID: 1587658312465158997, guid: a7caba12640156340b10d02049f04015,
        type: 3}
      propertyPath: m_LocalRotation.z
      value: -0
      objectReference: {fileID: 0}
    - target: {fileID: 1587658312465158997, guid: a7caba12640156340b10d02049f04015,
        type: 3}
      propertyPath: m_LocalRotation.w
      value: 1
      objectReference: {fileID: 0}
    - target: {fileID: 1587658312465158997, guid: a7caba12640156340b10d02049f04015,
        type: 3}
      propertyPath: m_RootOrder
      value: 19
      objectReference: {fileID: 0}
    - target: {fileID: 1587658312465158997, guid: a7caba12640156340b10d02049f04015,
        type: 3}
      propertyPath: m_LocalEulerAnglesHint.x
      value: 0
      objectReference: {fileID: 0}
    - target: {fileID: 1587658312465158997, guid: a7caba12640156340b10d02049f04015,
        type: 3}
      propertyPath: m_LocalEulerAnglesHint.y
      value: 0
      objectReference: {fileID: 0}
    - target: {fileID: 1587658312465158997, guid: a7caba12640156340b10d02049f04015,
        type: 3}
      propertyPath: m_LocalEulerAnglesHint.z
      value: 0
      objectReference: {fileID: 0}
    m_RemovedComponents: []
  m_SourcePrefab: {fileID: 100100000, guid: a7caba12640156340b10d02049f04015, type: 3}
--- !u!1 &910871574
GameObject:
  m_ObjectHideFlags: 0
  m_CorrespondingSourceObject: {fileID: 0}
  m_PrefabInstance: {fileID: 0}
  m_PrefabAsset: {fileID: 0}
  serializedVersion: 6
  m_Component:
  - component: {fileID: 910871578}
  - component: {fileID: 910871577}
  - component: {fileID: 910871576}
  - component: {fileID: 910871575}
  m_Layer: 0
  m_Name: Cube (1)
  m_TagString: Untagged
  m_Icon: {fileID: 0}
  m_NavMeshLayer: 0
  m_StaticEditorFlags: 0
  m_IsActive: 1
--- !u!65 &910871575
BoxCollider:
  m_ObjectHideFlags: 0
  m_CorrespondingSourceObject: {fileID: 0}
  m_PrefabInstance: {fileID: 0}
  m_PrefabAsset: {fileID: 0}
  m_GameObject: {fileID: 910871574}
  m_Material: {fileID: 0}
  m_IsTrigger: 0
  m_Enabled: 1
  serializedVersion: 2
  m_Size: {x: 1, y: 1, z: 1}
  m_Center: {x: 0, y: 0, z: 0}
--- !u!23 &910871576
MeshRenderer:
  m_ObjectHideFlags: 0
  m_CorrespondingSourceObject: {fileID: 0}
  m_PrefabInstance: {fileID: 0}
  m_PrefabAsset: {fileID: 0}
  m_GameObject: {fileID: 910871574}
  m_Enabled: 1
  m_CastShadows: 1
  m_ReceiveShadows: 1
  m_DynamicOccludee: 1
  m_MotionVectors: 1
  m_LightProbeUsage: 1
  m_ReflectionProbeUsage: 1
  m_RayTracingMode: 2
  m_RenderingLayerMask: 1
  m_RendererPriority: 0
  m_Materials:
  - {fileID: 2100000, guid: 31321ba15b8f8eb4c954353edc038b1d, type: 2}
  m_StaticBatchInfo:
    firstSubMesh: 0
    subMeshCount: 0
  m_StaticBatchRoot: {fileID: 0}
  m_ProbeAnchor: {fileID: 0}
  m_LightProbeVolumeOverride: {fileID: 0}
  m_ScaleInLightmap: 1
  m_ReceiveGI: 1
  m_PreserveUVs: 0
  m_IgnoreNormalsForChartDetection: 0
  m_ImportantGI: 0
  m_StitchLightmapSeams: 1
  m_SelectedEditorRenderState: 3
  m_MinimumChartSize: 4
  m_AutoUVMaxDistance: 0.5
  m_AutoUVMaxAngle: 89
  m_LightmapParameters: {fileID: 0}
  m_SortingLayerID: 0
  m_SortingLayer: 0
  m_SortingOrder: 0
--- !u!33 &910871577
MeshFilter:
  m_ObjectHideFlags: 0
  m_CorrespondingSourceObject: {fileID: 0}
  m_PrefabInstance: {fileID: 0}
  m_PrefabAsset: {fileID: 0}
  m_GameObject: {fileID: 910871574}
  m_Mesh: {fileID: 10202, guid: 0000000000000000e000000000000000, type: 0}
--- !u!4 &910871578
Transform:
  m_ObjectHideFlags: 0
  m_CorrespondingSourceObject: {fileID: 0}
  m_PrefabInstance: {fileID: 0}
  m_PrefabAsset: {fileID: 0}
  m_GameObject: {fileID: 910871574}
  m_LocalRotation: {x: 0, y: 0, z: 0, w: 1}
  m_LocalPosition: {x: -4.07, y: 0.05, z: -1.62}
  m_LocalScale: {x: 0.29, y: 1.37, z: 7.77}
  m_Children: []
  m_Father: {fileID: 0}
  m_RootOrder: 11
  m_LocalEulerAnglesHint: {x: 0, y: 0, z: 0}
--- !u!1001 &916422554
PrefabInstance:
  m_ObjectHideFlags: 0
  serializedVersion: 2
  m_Modification:
    m_TransformParent: {fileID: 0}
    m_Modifications:
    - target: {fileID: 1829520066912572, guid: 6fc86bcd020904044a931af912652050, type: 3}
      propertyPath: m_Name
      value: SM_Env_Sand_Ground_06 (5)
      objectReference: {fileID: 0}
    - target: {fileID: 1829520066912572, guid: 6fc86bcd020904044a931af912652050, type: 3}
      propertyPath: m_IsActive
      value: 1
      objectReference: {fileID: 0}
    - target: {fileID: 4563883862551582, guid: 6fc86bcd020904044a931af912652050, type: 3}
      propertyPath: m_LocalPosition.x
      value: 47
      objectReference: {fileID: 0}
    - target: {fileID: 4563883862551582, guid: 6fc86bcd020904044a931af912652050, type: 3}
      propertyPath: m_LocalPosition.y
      value: -0.77
      objectReference: {fileID: 0}
    - target: {fileID: 4563883862551582, guid: 6fc86bcd020904044a931af912652050, type: 3}
      propertyPath: m_LocalPosition.z
      value: 12.96
      objectReference: {fileID: 0}
    - target: {fileID: 4563883862551582, guid: 6fc86bcd020904044a931af912652050, type: 3}
      propertyPath: m_LocalRotation.x
      value: 0
      objectReference: {fileID: 0}
    - target: {fileID: 4563883862551582, guid: 6fc86bcd020904044a931af912652050, type: 3}
      propertyPath: m_LocalRotation.y
      value: 0
      objectReference: {fileID: 0}
    - target: {fileID: 4563883862551582, guid: 6fc86bcd020904044a931af912652050, type: 3}
      propertyPath: m_LocalRotation.z
      value: 0
      objectReference: {fileID: 0}
    - target: {fileID: 4563883862551582, guid: 6fc86bcd020904044a931af912652050, type: 3}
      propertyPath: m_LocalRotation.w
      value: 1
      objectReference: {fileID: 0}
    - target: {fileID: 4563883862551582, guid: 6fc86bcd020904044a931af912652050, type: 3}
      propertyPath: m_RootOrder
      value: 5
      objectReference: {fileID: 0}
    - target: {fileID: 4563883862551582, guid: 6fc86bcd020904044a931af912652050, type: 3}
      propertyPath: m_LocalScale.y
      value: 0.3534281
      objectReference: {fileID: 0}
    - target: {fileID: 23904020999810740, guid: 6fc86bcd020904044a931af912652050,
        type: 3}
      propertyPath: m_Materials.Array.data[0]
      value: 
      objectReference: {fileID: 2100000, guid: 66a8a6e30880caa48908020cf5388217, type: 2}
    m_RemovedComponents: []
  m_SourcePrefab: {fileID: 100100000, guid: 6fc86bcd020904044a931af912652050, type: 3}
--- !u!1001 &922171426
PrefabInstance:
  m_ObjectHideFlags: 0
  serializedVersion: 2
  m_Modification:
    m_TransformParent: {fileID: 0}
    m_Modifications:
    - target: {fileID: 6888615150908390340, guid: b6a31e7b6143cfc4d84a5a91a2be2924,
        type: 3}
      propertyPath: buttonPress.m_PersistentCalls.m_Calls.Array.size
      value: 0
      objectReference: {fileID: 0}
    - target: {fileID: 6888615150908390340, guid: b6a31e7b6143cfc4d84a5a91a2be2924,
        type: 3}
      propertyPath: onButtonPress.m_PersistentCalls.m_Calls.Array.size
      value: 1
      objectReference: {fileID: 0}
    - target: {fileID: 6888615150908390340, guid: b6a31e7b6143cfc4d84a5a91a2be2924,
        type: 3}
      propertyPath: buttonPress.m_PersistentCalls.m_Calls.Array.data[0].m_Mode
      value: 1
      objectReference: {fileID: 0}
    - target: {fileID: 6888615150908390340, guid: b6a31e7b6143cfc4d84a5a91a2be2924,
        type: 3}
      propertyPath: buttonPress.m_PersistentCalls.m_Calls.Array.data[0].m_CallState
      value: 2
      objectReference: {fileID: 0}
    - target: {fileID: 6888615150908390340, guid: b6a31e7b6143cfc4d84a5a91a2be2924,
        type: 3}
      propertyPath: onButtonPress.m_PersistentCalls.m_Calls.Array.data[0].m_Mode
      value: 1
      objectReference: {fileID: 0}
    - target: {fileID: 6888615150908390340, guid: b6a31e7b6143cfc4d84a5a91a2be2924,
        type: 3}
      propertyPath: onButtonPress.m_PersistentCalls.m_Calls.Array.data[0].m_CallState
      value: 2
      objectReference: {fileID: 0}
    - target: {fileID: 6888615150908390340, guid: b6a31e7b6143cfc4d84a5a91a2be2924,
        type: 3}
      propertyPath: onButtonPress.m_PersistentCalls.m_Calls.Array.data[0].m_Target
      value: 
      objectReference: {fileID: 575010836}
    - target: {fileID: 6888615150908390340, guid: b6a31e7b6143cfc4d84a5a91a2be2924,
        type: 3}
      propertyPath: onButtonPress.m_PersistentCalls.m_Calls.Array.data[0].m_MethodName
      value: LoadIntro
      objectReference: {fileID: 0}
    - target: {fileID: 6888615150908390340, guid: b6a31e7b6143cfc4d84a5a91a2be2924,
        type: 3}
      propertyPath: onButtonPress.m_PersistentCalls.m_Calls.Array.data[0].m_Arguments.m_ObjectArgumentAssemblyTypeName
      value: UnityEngine.Object, UnityEngine
      objectReference: {fileID: 0}
    - target: {fileID: 6888615150908390341, guid: b6a31e7b6143cfc4d84a5a91a2be2924,
        type: 3}
      propertyPath: m_LocalPosition.x
      value: -2.619
      objectReference: {fileID: 0}
    - target: {fileID: 6888615150908390341, guid: b6a31e7b6143cfc4d84a5a91a2be2924,
        type: 3}
      propertyPath: m_LocalPosition.y
      value: -0.475
      objectReference: {fileID: 0}
    - target: {fileID: 6888615150908390341, guid: b6a31e7b6143cfc4d84a5a91a2be2924,
        type: 3}
      propertyPath: m_LocalPosition.z
      value: -2.9430134
      objectReference: {fileID: 0}
    - target: {fileID: 6888615150908390341, guid: b6a31e7b6143cfc4d84a5a91a2be2924,
        type: 3}
      propertyPath: m_LocalRotation.x
      value: 0
      objectReference: {fileID: 0}
    - target: {fileID: 6888615150908390341, guid: b6a31e7b6143cfc4d84a5a91a2be2924,
        type: 3}
      propertyPath: m_LocalRotation.y
      value: 0
      objectReference: {fileID: 0}
    - target: {fileID: 6888615150908390341, guid: b6a31e7b6143cfc4d84a5a91a2be2924,
        type: 3}
      propertyPath: m_LocalRotation.z
      value: 0
      objectReference: {fileID: 0}
    - target: {fileID: 6888615150908390341, guid: b6a31e7b6143cfc4d84a5a91a2be2924,
        type: 3}
      propertyPath: m_LocalRotation.w
      value: 1
      objectReference: {fileID: 0}
    - target: {fileID: 6888615150908390341, guid: b6a31e7b6143cfc4d84a5a91a2be2924,
        type: 3}
      propertyPath: m_RootOrder
      value: 13
      objectReference: {fileID: 0}
    - target: {fileID: 6888615150908390341, guid: b6a31e7b6143cfc4d84a5a91a2be2924,
        type: 3}
      propertyPath: m_LocalEulerAnglesHint.x
      value: 0
      objectReference: {fileID: 0}
    - target: {fileID: 6888615150908390341, guid: b6a31e7b6143cfc4d84a5a91a2be2924,
        type: 3}
      propertyPath: m_LocalEulerAnglesHint.y
      value: 0
      objectReference: {fileID: 0}
    - target: {fileID: 6888615150908390341, guid: b6a31e7b6143cfc4d84a5a91a2be2924,
        type: 3}
      propertyPath: m_LocalEulerAnglesHint.z
      value: 0
      objectReference: {fileID: 0}
    - target: {fileID: 6888615150908390392, guid: b6a31e7b6143cfc4d84a5a91a2be2924,
        type: 3}
      propertyPath: m_Name
      value: ButtonRoot
      objectReference: {fileID: 0}
    m_RemovedComponents: []
  m_SourcePrefab: {fileID: 100100000, guid: b6a31e7b6143cfc4d84a5a91a2be2924, type: 3}
--- !u!21 &984220875
Material:
  serializedVersion: 6
  m_ObjectHideFlags: 0
  m_CorrespondingSourceObject: {fileID: 0}
  m_PrefabInstance: {fileID: 0}
  m_PrefabAsset: {fileID: 0}
  m_Name: Sprites/Default
  m_Shader: {fileID: 10753, guid: 0000000000000000f000000000000000, type: 0}
  m_ShaderKeywords: 
  m_LightmapFlags: 4
  m_EnableInstancingVariants: 0
  m_DoubleSidedGI: 0
  m_CustomRenderQueue: -1
  stringTagMap: {}
  disabledShaderPasses: []
  m_SavedProperties:
    serializedVersion: 3
    m_TexEnvs:
    - _AlphaTex:
        m_Texture: {fileID: 0}
        m_Scale: {x: 1, y: 1}
        m_Offset: {x: 0, y: 0}
    - _MainTex:
        m_Texture: {fileID: 0}
        m_Scale: {x: 1, y: 1}
        m_Offset: {x: 0, y: 0}
    m_Floats:
    - PixelSnap: 0
    - _EnableExternalAlpha: 0
    m_Colors:
    - _Color: {r: 1, g: 1, b: 1, a: 1}
    - _Flip: {r: 1, g: 1, b: 1, a: 1}
    - _RendererColor: {r: 1, g: 1, b: 1, a: 1}
--- !u!1001 &1007509117
PrefabInstance:
  m_ObjectHideFlags: 0
  serializedVersion: 2
  m_Modification:
    m_TransformParent: {fileID: 0}
    m_Modifications:
    - target: {fileID: 1586705078284526849, guid: a7caba12640156340b10d02049f04015,
        type: 3}
      propertyPath: m_Name
      value: COAL (11)
      objectReference: {fileID: 0}
    - target: {fileID: 1587658312465158997, guid: a7caba12640156340b10d02049f04015,
        type: 3}
      propertyPath: m_LocalPosition.x
      value: -0.7627123
      objectReference: {fileID: 0}
    - target: {fileID: 1587658312465158997, guid: a7caba12640156340b10d02049f04015,
        type: 3}
      propertyPath: m_LocalPosition.y
      value: 0.655
      objectReference: {fileID: 0}
    - target: {fileID: 1587658312465158997, guid: a7caba12640156340b10d02049f04015,
        type: 3}
      propertyPath: m_LocalPosition.z
      value: -2.2009056
      objectReference: {fileID: 0}
    - target: {fileID: 1587658312465158997, guid: a7caba12640156340b10d02049f04015,
        type: 3}
      propertyPath: m_LocalRotation.x
      value: 0
      objectReference: {fileID: 0}
    - target: {fileID: 1587658312465158997, guid: a7caba12640156340b10d02049f04015,
        type: 3}
      propertyPath: m_LocalRotation.y
      value: -0
      objectReference: {fileID: 0}
    - target: {fileID: 1587658312465158997, guid: a7caba12640156340b10d02049f04015,
        type: 3}
      propertyPath: m_LocalRotation.z
      value: -0
      objectReference: {fileID: 0}
    - target: {fileID: 1587658312465158997, guid: a7caba12640156340b10d02049f04015,
        type: 3}
      propertyPath: m_LocalRotation.w
      value: 1
      objectReference: {fileID: 0}
    - target: {fileID: 1587658312465158997, guid: a7caba12640156340b10d02049f04015,
        type: 3}
      propertyPath: m_RootOrder
      value: 28
      objectReference: {fileID: 0}
    - target: {fileID: 1587658312465158997, guid: a7caba12640156340b10d02049f04015,
        type: 3}
      propertyPath: m_LocalEulerAnglesHint.x
      value: 0
      objectReference: {fileID: 0}
    - target: {fileID: 1587658312465158997, guid: a7caba12640156340b10d02049f04015,
        type: 3}
      propertyPath: m_LocalEulerAnglesHint.y
      value: 0
      objectReference: {fileID: 0}
    - target: {fileID: 1587658312465158997, guid: a7caba12640156340b10d02049f04015,
        type: 3}
      propertyPath: m_LocalEulerAnglesHint.z
      value: 0
      objectReference: {fileID: 0}
    m_RemovedComponents: []
  m_SourcePrefab: {fileID: 100100000, guid: a7caba12640156340b10d02049f04015, type: 3}
--- !u!1001 &1017155373
PrefabInstance:
  m_ObjectHideFlags: 0
  serializedVersion: 2
  m_Modification:
    m_TransformParent: {fileID: 0}
    m_Modifications:
    - target: {fileID: 1829520066912572, guid: 6fc86bcd020904044a931af912652050, type: 3}
      propertyPath: m_Name
      value: SM_Env_Sand_Ground_06_off
      objectReference: {fileID: 0}
    - target: {fileID: 1829520066912572, guid: 6fc86bcd020904044a931af912652050, type: 3}
      propertyPath: m_IsActive
      value: 1
      objectReference: {fileID: 0}
    - target: {fileID: 4563883862551582, guid: 6fc86bcd020904044a931af912652050, type: 3}
      propertyPath: m_LocalPosition.x
      value: -0.82
      objectReference: {fileID: 0}
    - target: {fileID: 4563883862551582, guid: 6fc86bcd020904044a931af912652050, type: 3}
      propertyPath: m_LocalPosition.y
      value: -0.69
      objectReference: {fileID: 0}
    - target: {fileID: 4563883862551582, guid: 6fc86bcd020904044a931af912652050, type: 3}
      propertyPath: m_LocalPosition.z
      value: -21.85
      objectReference: {fileID: 0}
    - target: {fileID: 4563883862551582, guid: 6fc86bcd020904044a931af912652050, type: 3}
      propertyPath: m_LocalRotation.x
      value: 0
      objectReference: {fileID: 0}
    - target: {fileID: 4563883862551582, guid: 6fc86bcd020904044a931af912652050, type: 3}
      propertyPath: m_LocalRotation.y
      value: 0
      objectReference: {fileID: 0}
    - target: {fileID: 4563883862551582, guid: 6fc86bcd020904044a931af912652050, type: 3}
      propertyPath: m_LocalRotation.z
      value: 0
      objectReference: {fileID: 0}
    - target: {fileID: 4563883862551582, guid: 6fc86bcd020904044a931af912652050, type: 3}
      propertyPath: m_LocalRotation.w
      value: 1
      objectReference: {fileID: 0}
    - target: {fileID: 4563883862551582, guid: 6fc86bcd020904044a931af912652050, type: 3}
      propertyPath: m_RootOrder
      value: 6
      objectReference: {fileID: 0}
    - target: {fileID: 4563883862551582, guid: 6fc86bcd020904044a931af912652050, type: 3}
      propertyPath: m_LocalScale.y
      value: 0.1
      objectReference: {fileID: 0}
    - target: {fileID: 23904020999810740, guid: 6fc86bcd020904044a931af912652050,
        type: 3}
      propertyPath: m_Materials.Array.data[0]
      value: 
      objectReference: {fileID: 2100000, guid: 66a8a6e30880caa48908020cf5388217, type: 2}
    m_RemovedComponents: []
  m_SourcePrefab: {fileID: 100100000, guid: 6fc86bcd020904044a931af912652050, type: 3}
--- !u!1001 &1152597703
PrefabInstance:
  m_ObjectHideFlags: 0
  serializedVersion: 2
  m_Modification:
    m_TransformParent: {fileID: 0}
    m_Modifications:
    - target: {fileID: 1586705078284526849, guid: a7caba12640156340b10d02049f04015,
        type: 3}
      propertyPath: m_Name
      value: COAL (8)
      objectReference: {fileID: 0}
    - target: {fileID: 1587658312465158997, guid: a7caba12640156340b10d02049f04015,
        type: 3}
      propertyPath: m_LocalPosition.x
      value: -0.7627123
      objectReference: {fileID: 0}
    - target: {fileID: 1587658312465158997, guid: a7caba12640156340b10d02049f04015,
        type: 3}
      propertyPath: m_LocalPosition.y
      value: 1.168
      objectReference: {fileID: 0}
    - target: {fileID: 1587658312465158997, guid: a7caba12640156340b10d02049f04015,
        type: 3}
      propertyPath: m_LocalPosition.z
      value: -2.2009056
      objectReference: {fileID: 0}
    - target: {fileID: 1587658312465158997, guid: a7caba12640156340b10d02049f04015,
        type: 3}
      propertyPath: m_LocalRotation.x
      value: 0
      objectReference: {fileID: 0}
    - target: {fileID: 1587658312465158997, guid: a7caba12640156340b10d02049f04015,
        type: 3}
      propertyPath: m_LocalRotation.y
      value: -0
      objectReference: {fileID: 0}
    - target: {fileID: 1587658312465158997, guid: a7caba12640156340b10d02049f04015,
        type: 3}
      propertyPath: m_LocalRotation.z
      value: -0
      objectReference: {fileID: 0}
    - target: {fileID: 1587658312465158997, guid: a7caba12640156340b10d02049f04015,
        type: 3}
      propertyPath: m_LocalRotation.w
      value: 1
      objectReference: {fileID: 0}
    - target: {fileID: 1587658312465158997, guid: a7caba12640156340b10d02049f04015,
        type: 3}
      propertyPath: m_RootOrder
      value: 25
      objectReference: {fileID: 0}
    - target: {fileID: 1587658312465158997, guid: a7caba12640156340b10d02049f04015,
        type: 3}
      propertyPath: m_LocalEulerAnglesHint.x
      value: 0
      objectReference: {fileID: 0}
    - target: {fileID: 1587658312465158997, guid: a7caba12640156340b10d02049f04015,
        type: 3}
      propertyPath: m_LocalEulerAnglesHint.y
      value: 0
      objectReference: {fileID: 0}
    - target: {fileID: 1587658312465158997, guid: a7caba12640156340b10d02049f04015,
        type: 3}
      propertyPath: m_LocalEulerAnglesHint.z
      value: 0
      objectReference: {fileID: 0}
    m_RemovedComponents: []
  m_SourcePrefab: {fileID: 100100000, guid: a7caba12640156340b10d02049f04015, type: 3}
--- !u!1001 &1190374306
PrefabInstance:
  m_ObjectHideFlags: 0
  serializedVersion: 2
  m_Modification:
    m_TransformParent: {fileID: 0}
    m_Modifications:
    - target: {fileID: 1586705078284526849, guid: a7caba12640156340b10d02049f04015,
        type: 3}
      propertyPath: m_Name
      value: COAL (10)
      objectReference: {fileID: 0}
    - target: {fileID: 1587658312465158997, guid: a7caba12640156340b10d02049f04015,
        type: 3}
      propertyPath: m_LocalPosition.x
      value: -0.7627123
      objectReference: {fileID: 0}
    - target: {fileID: 1587658312465158997, guid: a7caba12640156340b10d02049f04015,
        type: 3}
      propertyPath: m_LocalPosition.y
      value: -0.345
      objectReference: {fileID: 0}
    - target: {fileID: 1587658312465158997, guid: a7caba12640156340b10d02049f04015,
        type: 3}
      propertyPath: m_LocalPosition.z
      value: -2.2009056
      objectReference: {fileID: 0}
    - target: {fileID: 1587658312465158997, guid: a7caba12640156340b10d02049f04015,
        type: 3}
      propertyPath: m_LocalRotation.x
      value: 0
      objectReference: {fileID: 0}
    - target: {fileID: 1587658312465158997, guid: a7caba12640156340b10d02049f04015,
        type: 3}
      propertyPath: m_LocalRotation.y
      value: -0
      objectReference: {fileID: 0}
    - target: {fileID: 1587658312465158997, guid: a7caba12640156340b10d02049f04015,
        type: 3}
      propertyPath: m_LocalRotation.z
      value: -0
      objectReference: {fileID: 0}
    - target: {fileID: 1587658312465158997, guid: a7caba12640156340b10d02049f04015,
        type: 3}
      propertyPath: m_LocalRotation.w
      value: 1
      objectReference: {fileID: 0}
    - target: {fileID: 1587658312465158997, guid: a7caba12640156340b10d02049f04015,
        type: 3}
      propertyPath: m_RootOrder
      value: 27
      objectReference: {fileID: 0}
    - target: {fileID: 1587658312465158997, guid: a7caba12640156340b10d02049f04015,
        type: 3}
      propertyPath: m_LocalEulerAnglesHint.x
      value: 0
      objectReference: {fileID: 0}
    - target: {fileID: 1587658312465158997, guid: a7caba12640156340b10d02049f04015,
        type: 3}
      propertyPath: m_LocalEulerAnglesHint.y
      value: 0
      objectReference: {fileID: 0}
    - target: {fileID: 1587658312465158997, guid: a7caba12640156340b10d02049f04015,
        type: 3}
      propertyPath: m_LocalEulerAnglesHint.z
      value: 0
      objectReference: {fileID: 0}
    m_RemovedComponents: []
  m_SourcePrefab: {fileID: 100100000, guid: a7caba12640156340b10d02049f04015, type: 3}
--- !u!43 &1308513330
Mesh:
  m_ObjectHideFlags: 0
  m_CorrespondingSourceObject: {fileID: 0}
  m_PrefabInstance: {fileID: 0}
  m_PrefabAsset: {fileID: 0}
  m_Name: 
  serializedVersion: 10
  m_SubMeshes:
  - serializedVersion: 2
    firstByte: 0
    indexCount: 24
    topology: 0
    baseVertex: 0
    firstVertex: 0
    vertexCount: 8
    localAABB:
      m_Center: {x: 0, y: 0.01, z: 0}
      m_Extent: {x: 1.1999999, y: 0, z: 1.15}
  m_Shapes:
    vertices: []
    shapes: []
    channels: []
    fullWeights: []
  m_BindPose: []
  m_BoneNameHashes: 
  m_RootBoneNameHash: 0
  m_BonesAABB: []
  m_VariableBoneCountWeights:
    m_Data: 
  m_MeshCompression: 0
  m_IsReadable: 1
  m_KeepVertices: 1
  m_KeepIndices: 1
  m_IndexFormat: 0
  m_IndexBuffer: 000004000100010004000500010005000200020005000600020006000300030006000700030007000000000007000400
  m_VertexData:
    serializedVersion: 3
    m_VertexCount: 8
    m_Channels:
    - stream: 0
      offset: 0
      format: 0
      dimension: 3
    - stream: 0
      offset: 0
      format: 0
      dimension: 0
    - stream: 0
      offset: 0
      format: 0
      dimension: 0
    - stream: 0
      offset: 12
      format: 0
      dimension: 4
    - stream: 0
      offset: 28
      format: 0
      dimension: 2
    - stream: 0
      offset: 0
      format: 0
      dimension: 0
    - stream: 0
      offset: 0
      format: 0
      dimension: 0
    - stream: 0
      offset: 0
      format: 0
      dimension: 0
    - stream: 0
      offset: 0
      format: 0
      dimension: 0
    - stream: 0
      offset: 0
      format: 0
      dimension: 0
    - stream: 0
      offset: 0
      format: 0
      dimension: 0
    - stream: 0
      offset: 0
      format: 0
      dimension: 0
    - stream: 0
      offset: 0
      format: 0
      dimension: 0
    - stream: 0
      offset: 0
      format: 0
      dimension: 0
    m_DataSize: 288
    _typelessdata: 6666863f0ad7233c000080bf000000000000803f0000803f0000803f0000000000000000666686bf0ad7233c000080bf000000000000803f0000803f0000803f0000803f00000000666686bf0ad7233c0000803f000000000000803f0000803f0000803f00000000000000006666863f0ad7233c0000803f000000000000803f0000803f0000803f0000803f000000009999993f0ad7233c333393bf000000000000803f0000803f00000000000000000000803f999999bf0ad7233c333393bf000000000000803f0000803f000000000000803f0000803f999999bf0ad7233c3333933f000000000000803f0000803f00000000000000000000803f9999993f0ad7233c3333933f000000000000803f0000803f000000000000803f0000803f
  m_CompressedMesh:
    m_Vertices:
      m_NumItems: 0
      m_Range: 0
      m_Start: 0
      m_Data: 
      m_BitSize: 0
    m_UV:
      m_NumItems: 0
      m_Range: 0
      m_Start: 0
      m_Data: 
      m_BitSize: 0
    m_Normals:
      m_NumItems: 0
      m_Range: 0
      m_Start: 0
      m_Data: 
      m_BitSize: 0
    m_Tangents:
      m_NumItems: 0
      m_Range: 0
      m_Start: 0
      m_Data: 
      m_BitSize: 0
    m_Weights:
      m_NumItems: 0
      m_Data: 
      m_BitSize: 0
    m_NormalSigns:
      m_NumItems: 0
      m_Data: 
      m_BitSize: 0
    m_TangentSigns:
      m_NumItems: 0
      m_Data: 
      m_BitSize: 0
    m_FloatColors:
      m_NumItems: 0
      m_Range: 0
      m_Start: 0
      m_Data: 
      m_BitSize: 0
    m_BoneIndices:
      m_NumItems: 0
      m_Data: 
      m_BitSize: 0
    m_Triangles:
      m_NumItems: 0
      m_Data: 
      m_BitSize: 0
    m_UVInfo: 0
  m_LocalAABB:
    m_Center: {x: 0, y: 0.01, z: 0}
    m_Extent: {x: 1.1999999, y: 0, z: 1.15}
  m_MeshUsageFlags: 0
  m_BakedConvexCollisionMesh: 
  m_BakedTriangleCollisionMesh: 
  m_MeshMetrics[0]: 1
  m_MeshMetrics[1]: 1
  m_MeshOptimizationFlags: 1
  m_StreamData:
    offset: 0
    size: 0
    path: 
--- !u!1001 &1348914758
PrefabInstance:
  m_ObjectHideFlags: 0
  serializedVersion: 2
  m_Modification:
    m_TransformParent: {fileID: 0}
    m_Modifications:
    - target: {fileID: 1586705078284526849, guid: a7caba12640156340b10d02049f04015,
        type: 3}
      propertyPath: m_Name
      value: COAL (7)
      objectReference: {fileID: 0}
    - target: {fileID: 1587658312465158997, guid: a7caba12640156340b10d02049f04015,
        type: 3}
      propertyPath: m_LocalPosition.x
      value: -0.7627123
      objectReference: {fileID: 0}
    - target: {fileID: 1587658312465158997, guid: a7caba12640156340b10d02049f04015,
        type: 3}
      propertyPath: m_LocalPosition.y
      value: 1.353
      objectReference: {fileID: 0}
    - target: {fileID: 1587658312465158997, guid: a7caba12640156340b10d02049f04015,
        type: 3}
      propertyPath: m_LocalPosition.z
      value: -2.2009056
      objectReference: {fileID: 0}
    - target: {fileID: 1587658312465158997, guid: a7caba12640156340b10d02049f04015,
        type: 3}
      propertyPath: m_LocalRotation.x
      value: 0
      objectReference: {fileID: 0}
    - target: {fileID: 1587658312465158997, guid: a7caba12640156340b10d02049f04015,
        type: 3}
      propertyPath: m_LocalRotation.y
      value: -0
      objectReference: {fileID: 0}
    - target: {fileID: 1587658312465158997, guid: a7caba12640156340b10d02049f04015,
        type: 3}
      propertyPath: m_LocalRotation.z
      value: -0
      objectReference: {fileID: 0}
    - target: {fileID: 1587658312465158997, guid: a7caba12640156340b10d02049f04015,
        type: 3}
      propertyPath: m_LocalRotation.w
      value: 1
      objectReference: {fileID: 0}
    - target: {fileID: 1587658312465158997, guid: a7caba12640156340b10d02049f04015,
        type: 3}
      propertyPath: m_RootOrder
      value: 24
      objectReference: {fileID: 0}
    - target: {fileID: 1587658312465158997, guid: a7caba12640156340b10d02049f04015,
        type: 3}
      propertyPath: m_LocalEulerAnglesHint.x
      value: 0
      objectReference: {fileID: 0}
    - target: {fileID: 1587658312465158997, guid: a7caba12640156340b10d02049f04015,
        type: 3}
      propertyPath: m_LocalEulerAnglesHint.y
      value: 0
      objectReference: {fileID: 0}
    - target: {fileID: 1587658312465158997, guid: a7caba12640156340b10d02049f04015,
        type: 3}
      propertyPath: m_LocalEulerAnglesHint.z
      value: 0
      objectReference: {fileID: 0}
    m_RemovedComponents: []
  m_SourcePrefab: {fileID: 100100000, guid: a7caba12640156340b10d02049f04015, type: 3}
--- !u!1 &1465212139
GameObject:
  m_ObjectHideFlags: 0
  m_CorrespondingSourceObject: {fileID: 0}
  m_PrefabInstance: {fileID: 0}
  m_PrefabAsset: {fileID: 0}
  serializedVersion: 6
  m_Component:
  - component: {fileID: 1465212141}
  - component: {fileID: 1465212140}
  m_Layer: 0
  m_Name: Directional Light
  m_TagString: Untagged
  m_Icon: {fileID: 0}
  m_NavMeshLayer: 0
  m_StaticEditorFlags: 0
  m_IsActive: 1
--- !u!108 &1465212140
Light:
  m_ObjectHideFlags: 0
  m_CorrespondingSourceObject: {fileID: 0}
  m_PrefabInstance: {fileID: 0}
  m_PrefabAsset: {fileID: 0}
  m_GameObject: {fileID: 1465212139}
  m_Enabled: 1
  serializedVersion: 10
  m_Type: 1
  m_Shape: 0
  m_Color: {r: 1, g: 0.95686275, b: 0.8392157, a: 1}
  m_Intensity: 5
  m_Range: 10
  m_SpotAngle: 30
  m_InnerSpotAngle: 21.802082
  m_CookieSize: 10
  m_Shadows:
    m_Type: 2
    m_Resolution: -1
    m_CustomResolution: -1
    m_Strength: 1
    m_Bias: 0.02
    m_NormalBias: 0.1
    m_NearPlane: 0.1
    m_CullingMatrixOverride:
      e00: 1
      e01: 0
      e02: 0
      e03: 0
      e10: 0
      e11: 1
      e12: 0
      e13: 0
      e20: 0
      e21: 0
      e22: 1
      e23: 0
      e30: 0
      e31: 0
      e32: 0
      e33: 1
    m_UseCullingMatrixOverride: 0
  m_Cookie: {fileID: 0}
  m_DrawHalo: 0
  m_Flare: {fileID: 0}
  m_RenderMode: 0
  m_CullingMask:
    serializedVersion: 2
    m_Bits: 4294967295
  m_RenderingLayerMask: 1
  m_Lightmapping: 4
  m_LightShadowCasterMode: 0
  m_AreaSize: {x: 1, y: 1}
  m_BounceIntensity: 1
  m_ColorTemperature: 6570
  m_UseColorTemperature: 0
  m_BoundingSphereOverride: {x: 0, y: 0, z: 0, w: 0}
  m_UseBoundingSphereOverride: 0
  m_ShadowRadius: 0
  m_ShadowAngle: 0
--- !u!4 &1465212141
Transform:
  m_ObjectHideFlags: 0
  m_CorrespondingSourceObject: {fileID: 0}
  m_PrefabInstance: {fileID: 0}
  m_PrefabAsset: {fileID: 0}
  m_GameObject: {fileID: 1465212139}
  m_LocalRotation: {x: 0.7064338, y: 0.47771442, z: 0.030843567, w: 0.5213338}
  m_LocalPosition: {x: 0.24, y: 3, z: 4.18}
  m_LocalScale: {x: 1, y: 1, z: 1}
  m_Children: []
  m_Father: {fileID: 0}
  m_RootOrder: 9
  m_LocalEulerAnglesHint: {x: 45, y: 130, z: 90}
--- !u!1001 &1658326343
PrefabInstance:
  m_ObjectHideFlags: 0
  serializedVersion: 2
  m_Modification:
    m_TransformParent: {fileID: 0}
    m_Modifications:
    - target: {fileID: 1586705078284526849, guid: a7caba12640156340b10d02049f04015,
        type: 3}
      propertyPath: m_Name
      value: COAL (4)
      objectReference: {fileID: 0}
    - target: {fileID: 1587658312465158997, guid: a7caba12640156340b10d02049f04015,
        type: 3}
      propertyPath: m_LocalPosition.x
      value: -0.984
      objectReference: {fileID: 0}
    - target: {fileID: 1587658312465158997, guid: a7caba12640156340b10d02049f04015,
        type: 3}
      propertyPath: m_LocalPosition.y
      value: -0.11
      objectReference: {fileID: 0}
    - target: {fileID: 1587658312465158997, guid: a7caba12640156340b10d02049f04015,
        type: 3}
      propertyPath: m_LocalPosition.z
      value: -2.2009056
      objectReference: {fileID: 0}
    - target: {fileID: 1587658312465158997, guid: a7caba12640156340b10d02049f04015,
        type: 3}
      propertyPath: m_LocalRotation.x
      value: 0
      objectReference: {fileID: 0}
    - target: {fileID: 1587658312465158997, guid: a7caba12640156340b10d02049f04015,
        type: 3}
      propertyPath: m_LocalRotation.y
      value: -0
      objectReference: {fileID: 0}
    - target: {fileID: 1587658312465158997, guid: a7caba12640156340b10d02049f04015,
        type: 3}
      propertyPath: m_LocalRotation.z
      value: -0
      objectReference: {fileID: 0}
    - target: {fileID: 1587658312465158997, guid: a7caba12640156340b10d02049f04015,
        type: 3}
      propertyPath: m_LocalRotation.w
      value: 1
      objectReference: {fileID: 0}
    - target: {fileID: 1587658312465158997, guid: a7caba12640156340b10d02049f04015,
        type: 3}
      propertyPath: m_RootOrder
      value: 21
      objectReference: {fileID: 0}
    - target: {fileID: 1587658312465158997, guid: a7caba12640156340b10d02049f04015,
        type: 3}
      propertyPath: m_LocalEulerAnglesHint.x
      value: 0
      objectReference: {fileID: 0}
    - target: {fileID: 1587658312465158997, guid: a7caba12640156340b10d02049f04015,
        type: 3}
      propertyPath: m_LocalEulerAnglesHint.y
      value: 0
      objectReference: {fileID: 0}
    - target: {fileID: 1587658312465158997, guid: a7caba12640156340b10d02049f04015,
        type: 3}
      propertyPath: m_LocalEulerAnglesHint.z
      value: 0
      objectReference: {fileID: 0}
    m_RemovedComponents: []
  m_SourcePrefab: {fileID: 100100000, guid: a7caba12640156340b10d02049f04015, type: 3}
--- !u!1001 &1669396986
PrefabInstance:
  m_ObjectHideFlags: 0
  serializedVersion: 2
  m_Modification:
    m_TransformParent: {fileID: 0}
    m_Modifications:
    - target: {fileID: 1586705078284526849, guid: a7caba12640156340b10d02049f04015,
        type: 3}
      propertyPath: m_Name
      value: COAL (13)
      objectReference: {fileID: 0}
    - target: {fileID: 1587658312465158997, guid: a7caba12640156340b10d02049f04015,
        type: 3}
      propertyPath: m_LocalPosition.x
      value: -0.7627123
      objectReference: {fileID: 0}
    - target: {fileID: 1587658312465158997, guid: a7caba12640156340b10d02049f04015,
        type: 3}
      propertyPath: m_LocalPosition.y
      value: 0.369
      objectReference: {fileID: 0}
    - target: {fileID: 1587658312465158997, guid: a7caba12640156340b10d02049f04015,
        type: 3}
      propertyPath: m_LocalPosition.z
      value: -2.2009056
      objectReference: {fileID: 0}
    - target: {fileID: 1587658312465158997, guid: a7caba12640156340b10d02049f04015,
        type: 3}
      propertyPath: m_LocalRotation.x
      value: 0
      objectReference: {fileID: 0}
    - target: {fileID: 1587658312465158997, guid: a7caba12640156340b10d02049f04015,
        type: 3}
      propertyPath: m_LocalRotation.y
      value: -0
      objectReference: {fileID: 0}
    - target: {fileID: 1587658312465158997, guid: a7caba12640156340b10d02049f04015,
        type: 3}
      propertyPath: m_LocalRotation.z
      value: -0
      objectReference: {fileID: 0}
    - target: {fileID: 1587658312465158997, guid: a7caba12640156340b10d02049f04015,
        type: 3}
      propertyPath: m_LocalRotation.w
      value: 1
      objectReference: {fileID: 0}
    - target: {fileID: 1587658312465158997, guid: a7caba12640156340b10d02049f04015,
        type: 3}
      propertyPath: m_RootOrder
      value: 30
      objectReference: {fileID: 0}
    - target: {fileID: 1587658312465158997, guid: a7caba12640156340b10d02049f04015,
        type: 3}
      propertyPath: m_LocalEulerAnglesHint.x
      value: 0
      objectReference: {fileID: 0}
    - target: {fileID: 1587658312465158997, guid: a7caba12640156340b10d02049f04015,
        type: 3}
      propertyPath: m_LocalEulerAnglesHint.y
      value: 0
      objectReference: {fileID: 0}
    - target: {fileID: 1587658312465158997, guid: a7caba12640156340b10d02049f04015,
        type: 3}
      propertyPath: m_LocalEulerAnglesHint.z
      value: 0
      objectReference: {fileID: 0}
    m_RemovedComponents: []
  m_SourcePrefab: {fileID: 100100000, guid: a7caba12640156340b10d02049f04015, type: 3}
--- !u!1 &1910240578
GameObject:
  m_ObjectHideFlags: 0
  m_CorrespondingSourceObject: {fileID: 0}
  m_PrefabInstance: {fileID: 0}
  m_PrefabAsset: {fileID: 0}
  serializedVersion: 6
  m_Component:
  - component: {fileID: 1910240582}
  - component: {fileID: 1910240581}
  - component: {fileID: 1910240580}
  - component: {fileID: 1910240579}
  m_Layer: 0
  m_Name: Cube
  m_TagString: Untagged
  m_Icon: {fileID: 0}
  m_NavMeshLayer: 0
  m_StaticEditorFlags: 0
  m_IsActive: 1
--- !u!23 &1910240579
MeshRenderer:
  m_ObjectHideFlags: 0
  m_CorrespondingSourceObject: {fileID: 0}
  m_PrefabInstance: {fileID: 0}
  m_PrefabAsset: {fileID: 0}
  m_GameObject: {fileID: 1910240578}
  m_Enabled: 1
  m_CastShadows: 1
  m_ReceiveShadows: 1
  m_DynamicOccludee: 1
  m_MotionVectors: 1
  m_LightProbeUsage: 1
  m_ReflectionProbeUsage: 1
  m_RayTracingMode: 2
  m_RenderingLayerMask: 1
  m_RendererPriority: 0
  m_Materials:
  - {fileID: 10306, guid: 0000000000000000f000000000000000, type: 0}
  m_StaticBatchInfo:
    firstSubMesh: 0
    subMeshCount: 0
  m_StaticBatchRoot: {fileID: 0}
  m_ProbeAnchor: {fileID: 0}
  m_LightProbeVolumeOverride: {fileID: 0}
  m_ScaleInLightmap: 1
  m_ReceiveGI: 1
  m_PreserveUVs: 1
  m_IgnoreNormalsForChartDetection: 0
  m_ImportantGI: 0
  m_StitchLightmapSeams: 1
  m_SelectedEditorRenderState: 3
  m_MinimumChartSize: 4
  m_AutoUVMaxDistance: 0.5
  m_AutoUVMaxAngle: 89
  m_LightmapParameters: {fileID: 0}
  m_SortingLayerID: 0
  m_SortingLayer: 0
  m_SortingOrder: 0
--- !u!65 &1910240580
BoxCollider:
  m_ObjectHideFlags: 0
  m_CorrespondingSourceObject: {fileID: 0}
  m_PrefabInstance: {fileID: 0}
  m_PrefabAsset: {fileID: 0}
  m_GameObject: {fileID: 1910240578}
  m_Material: {fileID: 0}
  m_IsTrigger: 0
  m_Enabled: 1
  serializedVersion: 2
  m_Size: {x: 1, y: 1, z: 1}
  m_Center: {x: 0, y: 0, z: 0}
--- !u!33 &1910240581
MeshFilter:
  m_ObjectHideFlags: 0
  m_CorrespondingSourceObject: {fileID: 0}
  m_PrefabInstance: {fileID: 0}
  m_PrefabAsset: {fileID: 0}
  m_GameObject: {fileID: 1910240578}
  m_Mesh: {fileID: 10202, guid: 0000000000000000e000000000000000, type: 0}
--- !u!4 &1910240582
Transform:
  m_ObjectHideFlags: 0
  m_CorrespondingSourceObject: {fileID: 0}
  m_PrefabInstance: {fileID: 0}
  m_PrefabAsset: {fileID: 0}
  m_GameObject: {fileID: 1910240578}
  m_LocalRotation: {x: 0, y: 0, z: 0, w: 1}
  m_LocalPosition: {x: 0, y: -19.3, z: 0}
  m_LocalScale: {x: 733.2178, y: 15.22423, z: 658.92004}
  m_Children: []
  m_Father: {fileID: 0}
  m_RootOrder: 7
  m_LocalEulerAnglesHint: {x: 0, y: 0, z: 0}
--- !u!1001 &2039035546
PrefabInstance:
  m_ObjectHideFlags: 0
  serializedVersion: 2
  m_Modification:
    m_TransformParent: {fileID: 0}
    m_Modifications:
    - target: {fileID: 1586705078284526849, guid: a7caba12640156340b10d02049f04015,
        type: 3}
      propertyPath: m_Name
      value: COAL (9)
      objectReference: {fileID: 0}
    - target: {fileID: 1587658312465158997, guid: a7caba12640156340b10d02049f04015,
        type: 3}
      propertyPath: m_LocalPosition.x
      value: -0.7627123
      objectReference: {fileID: 0}
    - target: {fileID: 1587658312465158997, guid: a7caba12640156340b10d02049f04015,
        type: 3}
      propertyPath: m_LocalPosition.y
      value: 0.892
      objectReference: {fileID: 0}
    - target: {fileID: 1587658312465158997, guid: a7caba12640156340b10d02049f04015,
        type: 3}
      propertyPath: m_LocalPosition.z
      value: -2.2009056
      objectReference: {fileID: 0}
    - target: {fileID: 1587658312465158997, guid: a7caba12640156340b10d02049f04015,
        type: 3}
      propertyPath: m_LocalRotation.x
      value: 0
      objectReference: {fileID: 0}
    - target: {fileID: 1587658312465158997, guid: a7caba12640156340b10d02049f04015,
        type: 3}
      propertyPath: m_LocalRotation.y
      value: -0
      objectReference: {fileID: 0}
    - target: {fileID: 1587658312465158997, guid: a7caba12640156340b10d02049f04015,
        type: 3}
      propertyPath: m_LocalRotation.z
      value: -0
      objectReference: {fileID: 0}
    - target: {fileID: 1587658312465158997, guid: a7caba12640156340b10d02049f04015,
        type: 3}
      propertyPath: m_LocalRotation.w
      value: 1
      objectReference: {fileID: 0}
    - target: {fileID: 1587658312465158997, guid: a7caba12640156340b10d02049f04015,
        type: 3}
      propertyPath: m_RootOrder
      value: 26
      objectReference: {fileID: 0}
    - target: {fileID: 1587658312465158997, guid: a7caba12640156340b10d02049f04015,
        type: 3}
      propertyPath: m_LocalEulerAnglesHint.x
      value: 0
      objectReference: {fileID: 0}
    - target: {fileID: 1587658312465158997, guid: a7caba12640156340b10d02049f04015,
        type: 3}
      propertyPath: m_LocalEulerAnglesHint.y
      value: 0
      objectReference: {fileID: 0}
    - target: {fileID: 1587658312465158997, guid: a7caba12640156340b10d02049f04015,
        type: 3}
      propertyPath: m_LocalEulerAnglesHint.z
      value: 0
      objectReference: {fileID: 0}
    m_RemovedComponents: []
  m_SourcePrefab: {fileID: 100100000, guid: a7caba12640156340b10d02049f04015, type: 3}
--- !u!1 &2061526172 stripped
GameObject:
  m_CorrespondingSourceObject: {fileID: 3706885228299261156, guid: 9c4e3e36242b3de43a6132ced5d48e0b,
    type: 3}
  m_PrefabInstance: {fileID: 3706885228626312025}
  m_PrefabAsset: {fileID: 0}
--- !u!1001 &2109700417
PrefabInstance:
  m_ObjectHideFlags: 0
  serializedVersion: 2
  m_Modification:
    m_TransformParent: {fileID: 0}
    m_Modifications:
    - target: {fileID: 1586705078284526849, guid: a7caba12640156340b10d02049f04015,
        type: 3}
      propertyPath: m_Name
      value: COAL (5)
      objectReference: {fileID: 0}
    - target: {fileID: 1587658312465158997, guid: a7caba12640156340b10d02049f04015,
        type: 3}
      propertyPath: m_LocalPosition.x
      value: -0.984
      objectReference: {fileID: 0}
    - target: {fileID: 1587658312465158997, guid: a7caba12640156340b10d02049f04015,
        type: 3}
      propertyPath: m_LocalPosition.y
      value: 0.046
      objectReference: {fileID: 0}
    - target: {fileID: 1587658312465158997, guid: a7caba12640156340b10d02049f04015,
        type: 3}
      propertyPath: m_LocalPosition.z
      value: -2.2009056
      objectReference: {fileID: 0}
    - target: {fileID: 1587658312465158997, guid: a7caba12640156340b10d02049f04015,
        type: 3}
      propertyPath: m_LocalRotation.x
      value: 0
      objectReference: {fileID: 0}
    - target: {fileID: 1587658312465158997, guid: a7caba12640156340b10d02049f04015,
        type: 3}
      propertyPath: m_LocalRotation.y
      value: -0
      objectReference: {fileID: 0}
    - target: {fileID: 1587658312465158997, guid: a7caba12640156340b10d02049f04015,
        type: 3}
      propertyPath: m_LocalRotation.z
      value: -0
      objectReference: {fileID: 0}
    - target: {fileID: 1587658312465158997, guid: a7caba12640156340b10d02049f04015,
        type: 3}
      propertyPath: m_LocalRotation.w
      value: 1
      objectReference: {fileID: 0}
    - target: {fileID: 1587658312465158997, guid: a7caba12640156340b10d02049f04015,
        type: 3}
      propertyPath: m_RootOrder
      value: 22
      objectReference: {fileID: 0}
    - target: {fileID: 1587658312465158997, guid: a7caba12640156340b10d02049f04015,
        type: 3}
      propertyPath: m_LocalEulerAnglesHint.x
      value: 0
      objectReference: {fileID: 0}
    - target: {fileID: 1587658312465158997, guid: a7caba12640156340b10d02049f04015,
        type: 3}
      propertyPath: m_LocalEulerAnglesHint.y
      value: 0
      objectReference: {fileID: 0}
    - target: {fileID: 1587658312465158997, guid: a7caba12640156340b10d02049f04015,
        type: 3}
      propertyPath: m_LocalEulerAnglesHint.z
      value: 0
      objectReference: {fileID: 0}
    m_RemovedComponents: []
  m_SourcePrefab: {fileID: 100100000, guid: a7caba12640156340b10d02049f04015, type: 3}
--- !u!1001 &53491465099777830
PrefabInstance:
  m_ObjectHideFlags: 0
  serializedVersion: 2
  m_Modification:
    m_TransformParent: {fileID: 0}
    m_Modifications:
    - target: {fileID: 53491464994342922, guid: bb9a87a1482313d4c9ad615f1fdb093d,
        type: 3}
      propertyPath: m_Name
      value: Lever
      objectReference: {fileID: 0}
    - target: {fileID: 53491464994342922, guid: bb9a87a1482313d4c9ad615f1fdb093d,
        type: 3}
      propertyPath: m_IsActive
      value: 0
      objectReference: {fileID: 0}
    - target: {fileID: 53491464994342933, guid: bb9a87a1482313d4c9ad615f1fdb093d,
        type: 3}
      propertyPath: m_AutoConfigureConnectedAnchor
      value: 1
      objectReference: {fileID: 0}
    - target: {fileID: 53491464994342933, guid: bb9a87a1482313d4c9ad615f1fdb093d,
        type: 3}
      propertyPath: m_Anchor.z
      value: 0
      objectReference: {fileID: 0}
    - target: {fileID: 53491464994342933, guid: bb9a87a1482313d4c9ad615f1fdb093d,
        type: 3}
      propertyPath: m_ConnectedAnchor.z
      value: -1.466
      objectReference: {fileID: 0}
    - target: {fileID: 53491464994342935, guid: bb9a87a1482313d4c9ad615f1fdb093d,
        type: 3}
      propertyPath: m_LocalPosition.x
      value: 0
      objectReference: {fileID: 0}
    - target: {fileID: 53491464994342935, guid: bb9a87a1482313d4c9ad615f1fdb093d,
        type: 3}
      propertyPath: m_LocalPosition.y
      value: 0
      objectReference: {fileID: 0}
    - target: {fileID: 53491464994342935, guid: bb9a87a1482313d4c9ad615f1fdb093d,
        type: 3}
      propertyPath: m_LocalPosition.z
      value: -1.466
      objectReference: {fileID: 0}
    - target: {fileID: 53491464994342935, guid: bb9a87a1482313d4c9ad615f1fdb093d,
        type: 3}
      propertyPath: m_LocalRotation.x
      value: -0
      objectReference: {fileID: 0}
    - target: {fileID: 53491464994342935, guid: bb9a87a1482313d4c9ad615f1fdb093d,
        type: 3}
      propertyPath: m_LocalRotation.y
      value: -0
      objectReference: {fileID: 0}
    - target: {fileID: 53491464994342935, guid: bb9a87a1482313d4c9ad615f1fdb093d,
        type: 3}
      propertyPath: m_LocalRotation.z
      value: -0
      objectReference: {fileID: 0}
    - target: {fileID: 53491464994342935, guid: bb9a87a1482313d4c9ad615f1fdb093d,
        type: 3}
      propertyPath: m_LocalRotation.w
      value: 1
      objectReference: {fileID: 0}
    - target: {fileID: 53491464994342935, guid: bb9a87a1482313d4c9ad615f1fdb093d,
        type: 3}
      propertyPath: m_RootOrder
      value: 10
      objectReference: {fileID: 0}
    - target: {fileID: 53491464994342935, guid: bb9a87a1482313d4c9ad615f1fdb093d,
        type: 3}
      propertyPath: m_LocalEulerAnglesHint.x
      value: 0
      objectReference: {fileID: 0}
    - target: {fileID: 53491464994342935, guid: bb9a87a1482313d4c9ad615f1fdb093d,
        type: 3}
      propertyPath: m_LocalEulerAnglesHint.y
      value: 0
      objectReference: {fileID: 0}
    - target: {fileID: 53491464994342935, guid: bb9a87a1482313d4c9ad615f1fdb093d,
        type: 3}
      propertyPath: m_LocalEulerAnglesHint.z
      value: 0
      objectReference: {fileID: 0}
    m_RemovedComponents: []
  m_SourcePrefab: {fileID: 100100000, guid: bb9a87a1482313d4c9ad615f1fdb093d, type: 3}
--- !u!1001 &2865048783780342629
PrefabInstance:
  m_ObjectHideFlags: 0
  serializedVersion: 2
  m_Modification:
    m_TransformParent: {fileID: 0}
    m_Modifications:
    - target: {fileID: 1121449409174748704, guid: e945b4605059b5345bf3794c04705922,
        type: 3}
      propertyPath: m_Name
      value: Switch
      objectReference: {fileID: 0}
    - target: {fileID: 1121449409174748704, guid: e945b4605059b5345bf3794c04705922,
        type: 3}
      propertyPath: m_IsActive
      value: 0
      objectReference: {fileID: 0}
    - target: {fileID: 1121449409174748733, guid: e945b4605059b5345bf3794c04705922,
        type: 3}
      propertyPath: m_LocalPosition.x
      value: 0.762
      objectReference: {fileID: 0}
    - target: {fileID: 1121449409174748733, guid: e945b4605059b5345bf3794c04705922,
        type: 3}
      propertyPath: m_LocalPosition.y
      value: 0
      objectReference: {fileID: 0}
    - target: {fileID: 1121449409174748733, guid: e945b4605059b5345bf3794c04705922,
        type: 3}
      propertyPath: m_LocalPosition.z
      value: 0.208
      objectReference: {fileID: 0}
    - target: {fileID: 1121449409174748733, guid: e945b4605059b5345bf3794c04705922,
        type: 3}
      propertyPath: m_LocalRotation.x
      value: -0
      objectReference: {fileID: 0}
    - target: {fileID: 1121449409174748733, guid: e945b4605059b5345bf3794c04705922,
        type: 3}
      propertyPath: m_LocalRotation.y
      value: -0
      objectReference: {fileID: 0}
    - target: {fileID: 1121449409174748733, guid: e945b4605059b5345bf3794c04705922,
        type: 3}
      propertyPath: m_LocalRotation.z
      value: -0
      objectReference: {fileID: 0}
    - target: {fileID: 1121449409174748733, guid: e945b4605059b5345bf3794c04705922,
        type: 3}
      propertyPath: m_LocalRotation.w
      value: 1
      objectReference: {fileID: 0}
    - target: {fileID: 1121449409174748733, guid: e945b4605059b5345bf3794c04705922,
        type: 3}
      propertyPath: m_RootOrder
      value: 15
      objectReference: {fileID: 0}
    - target: {fileID: 1121449409174748733, guid: e945b4605059b5345bf3794c04705922,
        type: 3}
      propertyPath: m_LocalEulerAnglesHint.x
      value: 0
      objectReference: {fileID: 0}
    - target: {fileID: 1121449409174748733, guid: e945b4605059b5345bf3794c04705922,
        type: 3}
      propertyPath: m_LocalEulerAnglesHint.y
      value: 0
      objectReference: {fileID: 0}
    - target: {fileID: 1121449409174748733, guid: e945b4605059b5345bf3794c04705922,
        type: 3}
      propertyPath: m_LocalEulerAnglesHint.z
      value: 0
      objectReference: {fileID: 0}
    m_RemovedComponents: []
  m_SourcePrefab: {fileID: 100100000, guid: e945b4605059b5345bf3794c04705922, type: 3}
--- !u!1001 &3706885228626312025
PrefabInstance:
  m_ObjectHideFlags: 0
  serializedVersion: 2
  m_Modification:
    m_TransformParent: {fileID: 0}
    m_Modifications:
    - target: {fileID: 3706885228297037588, guid: 9c4e3e36242b3de43a6132ced5d48e0b,
        type: 3}
      propertyPath: m_Materials.Array.data[0]
      value: 
      objectReference: {fileID: 984220875}
    - target: {fileID: 3706885228298102416, guid: 9c4e3e36242b3de43a6132ced5d48e0b,
        type: 3}
      propertyPath: m_Mesh
      value: 
      objectReference: {fileID: 1308513330}
    - target: {fileID: 3706885228299295818, guid: 9c4e3e36242b3de43a6132ced5d48e0b,
        type: 3}
      propertyPath: m_LocalRotation.x
      value: 0
      objectReference: {fileID: 0}
    - target: {fileID: 3706885228299295818, guid: 9c4e3e36242b3de43a6132ced5d48e0b,
        type: 3}
      propertyPath: m_LocalRotation.y
      value: 0
      objectReference: {fileID: 0}
    - target: {fileID: 3706885228299295818, guid: 9c4e3e36242b3de43a6132ced5d48e0b,
        type: 3}
      propertyPath: m_LocalRotation.z
      value: 0
      objectReference: {fileID: 0}
    - target: {fileID: 3706885228299295818, guid: 9c4e3e36242b3de43a6132ced5d48e0b,
        type: 3}
      propertyPath: m_LocalRotation.w
      value: 1
      objectReference: {fileID: 0}
    - target: {fileID: 3706885228299295818, guid: 9c4e3e36242b3de43a6132ced5d48e0b,
        type: 3}
      propertyPath: m_LocalEulerAnglesHint.y
      value: 0
      objectReference: {fileID: 0}
    - target: {fileID: 3706885228299295818, guid: 9c4e3e36242b3de43a6132ced5d48e0b,
        type: 3}
      propertyPath: m_LocalScale.x
      value: 1
      objectReference: {fileID: 0}
    - target: {fileID: 3706885228299295818, guid: 9c4e3e36242b3de43a6132ced5d48e0b,
        type: 3}
      propertyPath: m_LocalScale.y
      value: 1
      objectReference: {fileID: 0}
    - target: {fileID: 3706885228299295818, guid: 9c4e3e36242b3de43a6132ced5d48e0b,
        type: 3}
      propertyPath: m_LocalScale.z
      value: 1
      objectReference: {fileID: 0}
    - target: {fileID: 3706885229745869339, guid: 9c4e3e36242b3de43a6132ced5d48e0b,
        type: 3}
      propertyPath: m_Name
      value: VRController
      objectReference: {fileID: 0}
    - target: {fileID: 3706885229745869340, guid: 9c4e3e36242b3de43a6132ced5d48e0b,
        type: 3}
      propertyPath: m_LocalPosition.x
      value: -1.12
      objectReference: {fileID: 0}
    - target: {fileID: 3706885229745869340, guid: 9c4e3e36242b3de43a6132ced5d48e0b,
        type: 3}
      propertyPath: m_LocalPosition.y
      value: -0.475
      objectReference: {fileID: 0}
    - target: {fileID: 3706885229745869340, guid: 9c4e3e36242b3de43a6132ced5d48e0b,
        type: 3}
      propertyPath: m_LocalPosition.z
      value: -5.94
      objectReference: {fileID: 0}
    - target: {fileID: 3706885229745869340, guid: 9c4e3e36242b3de43a6132ced5d48e0b,
        type: 3}
      propertyPath: m_LocalRotation.x
      value: 0
      objectReference: {fileID: 0}
    - target: {fileID: 3706885229745869340, guid: 9c4e3e36242b3de43a6132ced5d48e0b,
        type: 3}
      propertyPath: m_LocalRotation.y
      value: 0
      objectReference: {fileID: 0}
    - target: {fileID: 3706885229745869340, guid: 9c4e3e36242b3de43a6132ced5d48e0b,
        type: 3}
      propertyPath: m_LocalRotation.z
      value: 0
      objectReference: {fileID: 0}
    - target: {fileID: 3706885229745869340, guid: 9c4e3e36242b3de43a6132ced5d48e0b,
        type: 3}
      propertyPath: m_LocalRotation.w
      value: 1
      objectReference: {fileID: 0}
    - target: {fileID: 3706885229745869340, guid: 9c4e3e36242b3de43a6132ced5d48e0b,
        type: 3}
      propertyPath: m_RootOrder
      value: 4
      objectReference: {fileID: 0}
    - target: {fileID: 3706885229745869340, guid: 9c4e3e36242b3de43a6132ced5d48e0b,
        type: 3}
      propertyPath: m_LocalEulerAnglesHint.x
      value: 0
      objectReference: {fileID: 0}
    - target: {fileID: 3706885229745869340, guid: 9c4e3e36242b3de43a6132ced5d48e0b,
        type: 3}
      propertyPath: m_LocalEulerAnglesHint.y
      value: 0
      objectReference: {fileID: 0}
    - target: {fileID: 3706885229745869340, guid: 9c4e3e36242b3de43a6132ced5d48e0b,
        type: 3}
      propertyPath: m_LocalEulerAnglesHint.z
      value: 0
      objectReference: {fileID: 0}
    - target: {fileID: 3706885229745869340, guid: 9c4e3e36242b3de43a6132ced5d48e0b,
        type: 3}
      propertyPath: m_LocalScale.x
      value: 0.8
      objectReference: {fileID: 0}
    - target: {fileID: 3706885229745869340, guid: 9c4e3e36242b3de43a6132ced5d48e0b,
        type: 3}
      propertyPath: m_LocalScale.y
      value: 0.8000002
      objectReference: {fileID: 0}
    - target: {fileID: 3706885229745869340, guid: 9c4e3e36242b3de43a6132ced5d48e0b,
        type: 3}
      propertyPath: m_LocalScale.z
      value: 0.8000002
      objectReference: {fileID: 0}
    m_RemovedComponents: []
  m_SourcePrefab: {fileID: 100100000, guid: 9c4e3e36242b3de43a6132ced5d48e0b, type: 3}
--- !u!1001 &5528164546614454472
PrefabInstance:
  m_ObjectHideFlags: 0
  serializedVersion: 2
  m_Modification:
    m_TransformParent: {fileID: 0}
    m_Modifications:
    - target: {fileID: 5412530454428849054, guid: b40657b50d4fe304e8c5e4c45d9209d7,
        type: 3}
      propertyPath: onLeverEnter.m_PersistentCalls.m_Calls.Array.data[0].m_Target
      value: 
      objectReference: {fileID: 910871576}
    - target: {fileID: 5412530454428849054, guid: b40657b50d4fe304e8c5e4c45d9209d7,
        type: 3}
      propertyPath: onLeverLeave.m_PersistentCalls.m_Calls.Array.data[0].m_Target
      value: 
      objectReference: {fileID: 910871576}
    - target: {fileID: 6501497237050765756, guid: b40657b50d4fe304e8c5e4c45d9209d7,
        type: 3}
      propertyPath: m_LocalPosition.x
      value: -1.899
      objectReference: {fileID: 0}
    - target: {fileID: 6501497237050765756, guid: b40657b50d4fe304e8c5e4c45d9209d7,
        type: 3}
      propertyPath: m_LocalPosition.y
      value: -0.436
      objectReference: {fileID: 0}
    - target: {fileID: 6501497237050765756, guid: b40657b50d4fe304e8c5e4c45d9209d7,
        type: 3}
      propertyPath: m_LocalPosition.z
      value: -4.178
      objectReference: {fileID: 0}
    - target: {fileID: 6501497237050765756, guid: b40657b50d4fe304e8c5e4c45d9209d7,
        type: 3}
      propertyPath: m_LocalRotation.x
      value: 0.00017455219
      objectReference: {fileID: 0}
    - target: {fileID: 6501497237050765756, guid: b40657b50d4fe304e8c5e4c45d9209d7,
        type: 3}
      propertyPath: m_LocalRotation.y
      value: 0
      objectReference: {fileID: 0}
    - target: {fileID: 6501497237050765756, guid: b40657b50d4fe304e8c5e4c45d9209d7,
        type: 3}
      propertyPath: m_LocalRotation.z
      value: -0
      objectReference: {fileID: 0}
    - target: {fileID: 6501497237050765756, guid: b40657b50d4fe304e8c5e4c45d9209d7,
        type: 3}
      propertyPath: m_LocalRotation.w
      value: 1
      objectReference: {fileID: 0}
    - target: {fileID: 6501497237050765756, guid: b40657b50d4fe304e8c5e4c45d9209d7,
        type: 3}
      propertyPath: m_RootOrder
      value: 2
      objectReference: {fileID: 0}
    - target: {fileID: 6501497237050765756, guid: b40657b50d4fe304e8c5e4c45d9209d7,
        type: 3}
      propertyPath: m_LocalEulerAnglesHint.x
      value: 90
      objectReference: {fileID: 0}
    - target: {fileID: 6501497237050765756, guid: b40657b50d4fe304e8c5e4c45d9209d7,
        type: 3}
      propertyPath: m_LocalEulerAnglesHint.y
      value: 0
      objectReference: {fileID: 0}
    - target: {fileID: 6501497237050765756, guid: b40657b50d4fe304e8c5e4c45d9209d7,
        type: 3}
      propertyPath: m_LocalEulerAnglesHint.z
      value: 0
      objectReference: {fileID: 0}
    - target: {fileID: 6615613440292128018, guid: b40657b50d4fe304e8c5e4c45d9209d7,
        type: 3}
      propertyPath: m_Name
      value: VR lever
      objectReference: {fileID: 0}
    m_RemovedComponents: []
  m_SourcePrefab: {fileID: 100100000, guid: b40657b50d4fe304e8c5e4c45d9209d7, type: 3}
--- !u!1001 &7135878770351648559
PrefabInstance:
  m_ObjectHideFlags: 0
  serializedVersion: 2
  m_Modification:
    m_TransformParent: {fileID: 0}
    m_Modifications:
    - target: {fileID: 6689520324950503623, guid: 2ce3d4675f2cbcd498201fcd87e5f95c,
        type: 3}
      propertyPath: m_Name
      value: wheel
      objectReference: {fileID: 0}
    - target: {fileID: 7678261959056736980, guid: 2ce3d4675f2cbcd498201fcd87e5f95c,
        type: 3}
      propertyPath: m_LocalPosition.x
      value: -0.836
      objectReference: {fileID: 0}
    - target: {fileID: 7678261959056736980, guid: 2ce3d4675f2cbcd498201fcd87e5f95c,
        type: 3}
      propertyPath: m_LocalPosition.y
      value: 0.004
      objectReference: {fileID: 0}
    - target: {fileID: 7678261959056736980, guid: 2ce3d4675f2cbcd498201fcd87e5f95c,
        type: 3}
      propertyPath: m_LocalPosition.z
      value: -4.163
      objectReference: {fileID: 0}
    - target: {fileID: 7678261959056736980, guid: 2ce3d4675f2cbcd498201fcd87e5f95c,
        type: 3}
      propertyPath: m_LocalRotation.x
      value: 0
      objectReference: {fileID: 0}
    - target: {fileID: 7678261959056736980, guid: 2ce3d4675f2cbcd498201fcd87e5f95c,
        type: 3}
      propertyPath: m_LocalRotation.y
      value: 0
      objectReference: {fileID: 0}
    - target: {fileID: 7678261959056736980, guid: 2ce3d4675f2cbcd498201fcd87e5f95c,
        type: 3}
      propertyPath: m_LocalRotation.z
      value: 0
      objectReference: {fileID: 0}
    - target: {fileID: 7678261959056736980, guid: 2ce3d4675f2cbcd498201fcd87e5f95c,
        type: 3}
      propertyPath: m_LocalRotation.w
      value: 1
      objectReference: {fileID: 0}
    - target: {fileID: 7678261959056736980, guid: 2ce3d4675f2cbcd498201fcd87e5f95c,
        type: 3}
      propertyPath: m_RootOrder
      value: 3
      objectReference: {fileID: 0}
    - target: {fileID: 7678261959056736980, guid: 2ce3d4675f2cbcd498201fcd87e5f95c,
        type: 3}
      propertyPath: m_LocalEulerAnglesHint.x
      value: 0
      objectReference: {fileID: 0}
    - target: {fileID: 7678261959056736980, guid: 2ce3d4675f2cbcd498201fcd87e5f95c,
        type: 3}
      propertyPath: m_LocalEulerAnglesHint.y
      value: 0
      objectReference: {fileID: 0}
    - target: {fileID: 7678261959056736980, guid: 2ce3d4675f2cbcd498201fcd87e5f95c,
        type: 3}
      propertyPath: m_LocalEulerAnglesHint.z
      value: 0
      objectReference: {fileID: 0}
    m_RemovedComponents: []
  m_SourcePrefab: {fileID: 100100000, guid: 2ce3d4675f2cbcd498201fcd87e5f95c, type: 3}
--- !u!1001 &7629257858015490680
PrefabInstance:
  m_ObjectHideFlags: 0
  serializedVersion: 2
  m_Modification:
    m_TransformParent: {fileID: 0}
    m_Modifications:
    - target: {fileID: 7629257857440615017, guid: a7ccfd22000048a4abec11a771093e79,
        type: 3}
      propertyPath: m_Name
      value: LevelLoader
      objectReference: {fileID: 0}
    - target: {fileID: 7629257857440615019, guid: a7ccfd22000048a4abec11a771093e79,
        type: 3}
      propertyPath: m_LocalPosition.x
      value: 0
      objectReference: {fileID: 0}
    - target: {fileID: 7629257857440615019, guid: a7ccfd22000048a4abec11a771093e79,
        type: 3}
      propertyPath: m_LocalPosition.y
      value: 0
      objectReference: {fileID: 0}
    - target: {fileID: 7629257857440615019, guid: a7ccfd22000048a4abec11a771093e79,
        type: 3}
      propertyPath: m_LocalPosition.z
      value: 0
      objectReference: {fileID: 0}
    - target: {fileID: 7629257857440615019, guid: a7ccfd22000048a4abec11a771093e79,
        type: 3}
      propertyPath: m_LocalRotation.x
      value: 0
      objectReference: {fileID: 0}
    - target: {fileID: 7629257857440615019, guid: a7ccfd22000048a4abec11a771093e79,
        type: 3}
      propertyPath: m_LocalRotation.y
      value: 0
      objectReference: {fileID: 0}
    - target: {fileID: 7629257857440615019, guid: a7ccfd22000048a4abec11a771093e79,
        type: 3}
      propertyPath: m_LocalRotation.z
      value: 0
      objectReference: {fileID: 0}
    - target: {fileID: 7629257857440615019, guid: a7ccfd22000048a4abec11a771093e79,
        type: 3}
      propertyPath: m_LocalRotation.w
      value: 1
      objectReference: {fileID: 0}
    - target: {fileID: 7629257857440615019, guid: a7ccfd22000048a4abec11a771093e79,
        type: 3}
      propertyPath: m_RootOrder
      value: 14
      objectReference: {fileID: 0}
    - target: {fileID: 7629257857440615019, guid: a7ccfd22000048a4abec11a771093e79,
        type: 3}
      propertyPath: m_LocalEulerAnglesHint.x
      value: 0
      objectReference: {fileID: 0}
    - target: {fileID: 7629257857440615019, guid: a7ccfd22000048a4abec11a771093e79,
        type: 3}
      propertyPath: m_LocalEulerAnglesHint.y
      value: 0
      objectReference: {fileID: 0}
    - target: {fileID: 7629257857440615019, guid: a7ccfd22000048a4abec11a771093e79,
        type: 3}
      propertyPath: m_LocalEulerAnglesHint.z
      value: 0
      objectReference: {fileID: 0}
    m_RemovedComponents: []
  m_SourcePrefab: {fileID: 100100000, guid: a7ccfd22000048a4abec11a771093e79, type: 3}
